******************** # 1 *************************

FullTiltPoker Game #26539889990: MiniFTOPS Main Event (190775720), Table 1104 - 10/20 - No Limit Hold'em - 17:04:00 ET - 2010/12/19

Seat 1: Player1 (7,500)
Seat 2: 2rainman2 (7,500)
Seat 3: mc foolman (7,500)
Seat 4: Kin-Chris (7,500)
Seat 5: 3pairsUK (7,500)
Seat 6: LiLiHaLiHa (7,500)
Seat 7: willythegrinder (7,500)
Seat 8: TSAIPAS (7,500)
Seat 9: DNutty (7,500)
Player1 posts the small blind of 10
2rainman2 posts the big blind of 20
The button is in seat #9
*** HOLE CARDS ***
Dealt to Player1 [Jc Kh]
mc foolman has 15 seconds left to act
mc foolman has timed out
mc foolman folds
Kin-Chris folds
3pairsUK folds
LiLiHaLiHa folds
willythegrinder calls 20
TSAIPAS has 15 seconds left to act
TSAIPAS folds
DNutty folds
Player1 calls 10
2rainman2 checks
*** FLOP *** [Ac Qc 8c]
Player1 bets 40
2rainman2 folds
willythegrinder calls 40
*** TURN *** [Ac Qc 8c] [Ad]
Player1 checks
willythegrinder bets 140
Player1 folds
Uncalled bet of 140 returned to willythegrinder
willythegrinder mucks
willythegrinder wins the pot (140)
*** SUMMARY ***
Duration 74s
Total pot 140 | Rake 0
Board: [Ac Qc 8c Ad]
Seat 1: Player1 (small blind) folded on the Turn
Seat 2: 2rainman2 (big blind) folded on the Flop
Seat 3: mc foolman didn't bet (folded)
Seat 4: Kin-Chris didn't bet (folded)
Seat 5: 3pairsUK didn't bet (folded)
Seat 6: LiLiHaLiHa didn't bet (folded)
Seat 7: willythegrinder collected (140)
Seat 8: TSAIPAS didn't bet (folded)
Seat 9: DNutty (button) didn't bet (folded)


******************** # 2 *************************

FullTiltPoker Game #26539933505: MiniFTOPS Main Event (190775720), Table 1104 - 10/20 - No Limit Hold'em - 17:05:15 ET - 2010/12/19

Seat 1: Player1 (7,440)
Seat 2: 2rainman2 (7,480)
Seat 3: mc foolman (7,500)
Seat 4: Kin-Chris (7,500)
Seat 5: 3pairsUK (7,500)
Seat 6: LiLiHaLiHa (7,500)
Seat 7: willythegrinder (7,580)
Seat 8: TSAIPAS (7,500)
Seat 9: DNutty (7,500)
2rainman2 posts the small blind of 10
mc foolman posts the big blind of 20
The button is in seat #1
*** HOLE CARDS ***
Dealt to Player1 [8s 3s]
Kin-Chris folds
3pairsUK raises to 40
LiLiHaLiHa folds
willythegrinder folds
TSAIPAS has 15 seconds left to act
TSAIPAS calls 40
DNutty calls 40
Player1 folds
2rainman2 has 15 seconds left to act
2rainman2 folds
mc foolman folds
*** FLOP *** [6d Ac Jd]
3pairsUK has 15 seconds left to act
3pairsUK checks
TSAIPAS has 15 seconds left to act
TSAIPAS bets 20
DNutty raises to 300
3pairsUK folds
TSAIPAS has 15 seconds left to act
TSAIPAS folds
Uncalled bet of 280 returned to DNutty
DNutty mucks
DNutty wins the pot (190)
*** SUMMARY ***
Duration 92s
Total pot 190 | Rake 0
Board: [6d Ac Jd]
Seat 1: Player1 (button) didn't bet (folded)
Seat 2: 2rainman2 (small blind) folded before the Flop
Seat 3: mc foolman (big blind) folded before the Flop
Seat 4: Kin-Chris didn't bet (folded)
Seat 5: 3pairsUK folded on the Flop
Seat 6: LiLiHaLiHa didn't bet (folded)
Seat 7: willythegrinder didn't bet (folded)
Seat 8: TSAIPAS folded on the Flop
Seat 9: DNutty collected (190)


******************** # 3 *************************

FullTiltPoker Game #26539988411: MiniFTOPS Main Event (190775720), Table 1104 - 10/20 - No Limit Hold'em - 17:06:48 ET - 2010/12/19

Seat 1: Player1 (7,440)
Seat 2: 2rainman2 (7,470)
Seat 3: mc foolman (7,480)
Seat 4: Kin-Chris (7,500)
Seat 5: 3pairsUK (7,460)
Seat 6: LiLiHaLiHa (7,500)
Seat 7: willythegrinder (7,580)
Seat 8: TSAIPAS (7,440)
Seat 9: DNutty (7,630)
mc foolman posts the small blind of 10
Kin-Chris posts the big blind of 20
The button is in seat #2
*** HOLE CARDS ***
Dealt to Player1 [7s Kc]
3pairsUK folds
LiLiHaLiHa raises to 60
willythegrinder folds
TSAIPAS has 15 seconds left to act
TSAIPAS folds
DNutty folds
Player1 folds
2rainman2 folds
mc foolman folds
Kin-Chris folds
Uncalled bet of 40 returned to LiLiHaLiHa
LiLiHaLiHa mucks
LiLiHaLiHa wins the pot (50)
*** SUMMARY ***
Duration 34s
Total pot 50 | Rake 0
Seat 1: Player1 didn't bet (folded)
Seat 2: 2rainman2 (button) didn't bet (folded)
Seat 3: mc foolman (small blind) folded before the Flop
Seat 4: Kin-Chris (big blind) folded before the Flop
Seat 5: 3pairsUK didn't bet (folded)
Seat 6: LiLiHaLiHa collected (50)
Seat 7: willythegrinder didn't bet (folded)
Seat 8: TSAIPAS didn't bet (folded)
Seat 9: DNutty didn't bet (folded)


******************** # 4 *************************

FullTiltPoker Game #26540008618: MiniFTOPS Main Event (190775720), Table 1104 - 10/20 - No Limit Hold'em - 17:07:23 ET - 2010/12/19

Seat 1: Player1 (7,440)
Seat 2: 2rainman2 (7,470)
Seat 3: mc foolman (7,470)
Seat 4: Kin-Chris (7,480)
Seat 5: 3pairsUK (7,460)
Seat 6: LiLiHaLiHa (7,530)
Seat 7: willythegrinder (7,580)
Seat 8: TSAIPAS (7,440)
Seat 9: DNutty (7,630)
Kin-Chris posts the small blind of 10
3pairsUK posts the big blind of 20
The button is in seat #3
*** HOLE CARDS ***
Dealt to Player1 [8c 3c]
LiLiHaLiHa raises to 60
willythegrinder folds
TSAIPAS has 15 seconds left to act
TSAIPAS folds
DNutty calls 60
Player1 folds
2rainman2 folds
mc foolman raises to 260
Kin-Chris folds
3pairsUK folds
LiLiHaLiHa calls 200
DNutty folds
*** FLOP *** [9h 8d 5h]
LiLiHaLiHa checks
mc foolman bets 400
LiLiHaLiHa calls 400
*** TURN *** [9h 8d 5h] [Ad]
LiLiHaLiHa checks
mc foolman bets 1,100
LiLiHaLiHa folds
Uncalled bet of 1,100 returned to mc foolman
mc foolman mucks
mc foolman wins the pot (1,410)
*** SUMMARY ***
Duration 65s
Total pot 1,410 | Rake 0
Board: [9h 8d 5h Ad]
Seat 1: Player1 didn't bet (folded)
Seat 2: 2rainman2 didn't bet (folded)
Seat 3: mc foolman (button) collected (1,410)
Seat 4: Kin-Chris (small blind) folded before the Flop
Seat 5: 3pairsUK (big blind) folded before the Flop
Seat 6: LiLiHaLiHa folded on the Turn
Seat 7: willythegrinder didn't bet (folded)
Seat 8: TSAIPAS didn't bet (folded)
Seat 9: DNutty folded before the Flop


******************** # 5 *************************

FullTiltPoker Game #26540047121: MiniFTOPS Main Event (190775720), Table 1104 - 10/20 - No Limit Hold'em - 17:08:28 ET - 2010/12/19

Seat 1: Player1 (7,440)
Seat 2: 2rainman2 (7,470)
Seat 3: mc foolman (8,220)
Seat 4: Kin-Chris (7,470)
Seat 5: 3pairsUK (7,440)
Seat 7: willythegrinder (7,580)
Seat 8: TSAIPAS (7,440)
Seat 9: DNutty (7,570)
3pairsUK posts the small blind of 10
willythegrinder posts the big blind of 20
The button is in seat #4
*** HOLE CARDS ***
Dealt to Player1 [9d 2h]
TSAIPAS has 15 seconds left to act
TSAIPAS calls 20
DNutty folds
Player1 folds
2rainman2 folds
mc foolman has 15 seconds left to act
mc foolman folds
Kin-Chris folds
3pairsUK calls 10
willythegrinder checks
*** FLOP *** [8c 3h Ah]
3pairsUK checks
willythegrinder checks
TSAIPAS bets 60
3pairsUK has 15 seconds left to act
3pairsUK folds
willythegrinder folds
Uncalled bet of 60 returned to TSAIPAS
TSAIPAS mucks
TSAIPAS wins the pot (60)
*** SUMMARY ***
Duration 66s
Total pot 60 | Rake 0
Board: [8c 3h Ah]
Seat 1: Player1 didn't bet (folded)
Seat 2: 2rainman2 didn't bet (folded)
Seat 3: mc foolman didn't bet (folded)
Seat 4: Kin-Chris (button) didn't bet (folded)
Seat 5: 3pairsUK (small blind) folded on the Flop
Seat 7: willythegrinder (big blind) folded on the Flop
Seat 8: TSAIPAS collected (60)
Seat 9: DNutty didn't bet (folded)


******************** # 6 *************************

FullTiltPoker Game #26540085770: MiniFTOPS Main Event (190775720), Table 1104 - 10/20 - No Limit Hold'em - 17:09:35 ET - 2010/12/19

Seat 1: Player1 (7,440)
Seat 2: 2rainman2 (7,470)
Seat 3: mc foolman (8,220)
Seat 4: Kin-Chris (7,470)
Seat 5: 3pairsUK (7,420)
Seat 6: BROGSKi (7,500)
Seat 7: willythegrinder (7,560)
Seat 8: TSAIPAS (7,480)
Seat 9: DNutty (7,570)
willythegrinder posts the small blind of 10
TSAIPAS posts the big blind of 20
The button is in seat #5
*** HOLE CARDS ***
Dealt to Player1 [Th 2s]
DNutty folds
Player1 folds
2rainman2 folds
mc foolman folds
Kin-Chris raises to 60
3pairsUK folds
willythegrinder folds
TSAIPAS calls 40
*** FLOP *** [9d Td Jc]
TSAIPAS has 15 seconds left to act
TSAIPAS checks
Kin-Chris checks
*** TURN *** [9d Td Jc] [6h]
TSAIPAS has 15 seconds left to act
TSAIPAS bets 60
Kin-Chris calls 60
*** RIVER *** [9d Td Jc 6h] [4c]
TSAIPAS checks
Kin-Chris checks
*** SHOW DOWN ***
TSAIPAS shows [As Qh] Ace Queen high
Kin-Chris shows [Jh Ad] a pair of Jacks
Kin-Chris wins the pot (250) with a pair of Jacks
*** SUMMARY ***
Duration 70s
Total pot 250 | Rake 0
Board: [9d Td Jc 6h 4c]
Seat 1: Player1 didn't bet (folded)
Seat 2: 2rainman2 didn't bet (folded)
Seat 3: mc foolman didn't bet (folded)
Seat 4: Kin-Chris showed [Jh Ad] and won (250) with a pair of Jacks
Seat 5: 3pairsUK (button) didn't bet (folded)
Seat 6: BROGSKi is sitting out
Seat 7: willythegrinder (small blind) folded before the Flop
Seat 8: TSAIPAS (big blind) showed [As Qh] and lost with Ace Queen high
Seat 9: DNutty didn't bet (folded)


******************** # 7 *************************

FullTiltPoker Game #26540126303: MiniFTOPS Main Event (190775720), Table 1104 - 10/20 - No Limit Hold'em - 17:10:45 ET - 2010/12/19

Seat 1: Player1 (7,440)
Seat 2: 2rainman2 (7,470)
Seat 3: mc foolman (8,220)
Seat 4: Kin-Chris (7,600)
Seat 5: 3pairsUK (7,420)
Seat 6: BROGSKi (7,500)
Seat 7: willythegrinder (7,550)
Seat 8: TSAIPAS (7,360)
Seat 9: DNutty (7,570)
TSAIPAS posts the small blind of 10
DNutty posts the big blind of 20
The button is in seat #7
*** HOLE CARDS ***
Dealt to Player1 [8c 8h]
2rainman2 has been disconnected
Player1 raises to 100
2rainman2 has 15 seconds left to act
2rainman2 has reconnected
2rainman2 has timed out
2rainman2 folds
mc foolman calls 100
Kin-Chris folds
3pairsUK folds
BROGSKi calls 100
willythegrinder folds
TSAIPAS folds
DNutty folds
*** FLOP *** [9d Qs 3h]
Player1 checks
mc foolman bets 240
BROGSKi folds
Player1 folds
Uncalled bet of 240 returned to mc foolman
mc foolman mucks
mc foolman wins the pot (330)
*** SUMMARY ***
Duration 68s
Total pot 330 | Rake 0
Board: [9d Qs 3h]
Seat 1: Player1 folded on the Flop
Seat 2: 2rainman2 didn't bet (folded)
Seat 3: mc foolman collected (330)
Seat 4: Kin-Chris didn't bet (folded)
Seat 5: 3pairsUK didn't bet (folded)
Seat 6: BROGSKi folded on the Flop
Seat 7: willythegrinder (button) didn't bet (folded)
Seat 8: TSAIPAS (small blind) folded before the Flop
Seat 9: DNutty (big blind) folded before the Flop


******************** # 8 *************************

FullTiltPoker Game #26540165943: MiniFTOPS Main Event (190775720), Table 1104 - 10/20 - No Limit Hold'em - 17:11:54 ET - 2010/12/19

Seat 1: Player1 (7,340)
Seat 2: 2rainman2 (7,470)
Seat 3: mc foolman (8,450)
Seat 4: Kin-Chris (7,600)
Seat 5: 3pairsUK (7,420)
Seat 6: BROGSKi (7,400)
Seat 7: willythegrinder (7,550)
Seat 8: TSAIPAS (7,350)
Seat 9: DNutty (7,550)
DNutty posts the small blind of 10
Player1 posts the big blind of 20
The button is in seat #8
*** HOLE CARDS ***
Dealt to Player1 [8c 4c]
2rainman2 folds
mc foolman folds
Kin-Chris folds
3pairsUK folds
BROGSKi raises to 60
willythegrinder folds
TSAIPAS calls 60
DNutty folds
Player1 folds
*** FLOP *** [Ah 7c Ks]
BROGSKi bets 100
TSAIPAS has 15 seconds left to act
TSAIPAS folds
Uncalled bet of 100 returned to BROGSKi
BROGSKi mucks
BROGSKi wins the pot (150)
*** SUMMARY ***
Duration 49s
Total pot 150 | Rake 0
Board: [Ah 7c Ks]
Seat 1: Player1 (big blind) folded before the Flop
Seat 2: 2rainman2 didn't bet (folded)
Seat 3: mc foolman didn't bet (folded)
Seat 4: Kin-Chris didn't bet (folded)
Seat 5: 3pairsUK didn't bet (folded)
Seat 6: BROGSKi collected (150)
Seat 7: willythegrinder didn't bet (folded)
Seat 8: TSAIPAS (button) folded on the Flop
Seat 9: DNutty (small blind) folded before the Flop


******************** # 9 *************************

FullTiltPoker Game #26540194533: MiniFTOPS Main Event (190775720), Table 1104 - 10/20 - No Limit Hold'em - 17:12:43 ET - 2010/12/19

Seat 1: Player1 (7,320)
Seat 2: 2rainman2 (7,470)
Seat 3: mc foolman (8,450)
Seat 4: Kin-Chris (7,600)
Seat 5: 3pairsUK (7,420)
Seat 6: BROGSKi (7,490)
Seat 7: willythegrinder (7,550)
Seat 8: TSAIPAS (7,290)
Seat 9: DNutty (7,540)
Player1 posts the small blind of 10
2rainman2 posts the big blind of 20
The button is in seat #9
*** HOLE CARDS ***
Dealt to Player1 [3d Jc]
mc foolman folds
Kin-Chris folds
3pairsUK folds
BROGSKi folds
willythegrinder folds
TSAIPAS folds
DNutty raises to 65
Player1 folds
2rainman2 calls 45
*** FLOP *** [4d 5h Kc]
2rainman2 checks
DNutty checks
*** TURN *** [4d 5h Kc] [8s]
2rainman2 checks
DNutty checks
*** RIVER *** [4d 5h Kc 8s] [8d]
2rainman2 bets 40
DNutty calls 40
*** SHOW DOWN ***
2rainman2 shows [Ad 5d] two pair, Eights and Fives
DNutty mucks
2rainman2 wins the pot (220) with two pair, Eights and Fives
*** SUMMARY ***
Duration 39s
Total pot 220 | Rake 0
Board: [4d 5h Kc 8s 8d]
Seat 1: Player1 (small blind) folded before the Flop
Seat 2: 2rainman2 (big blind) showed [Ad 5d] and won (220) with two pair, Eights and Fives
Seat 3: mc foolman didn't bet (folded)
Seat 4: Kin-Chris didn't bet (folded)
Seat 5: 3pairsUK didn't bet (folded)
Seat 6: BROGSKi didn't bet (folded)
Seat 7: willythegrinder didn't bet (folded)
Seat 8: TSAIPAS didn't bet (folded)
Seat 9: DNutty (button) mucked [Ac Jh] - a pair of Eights


******************** # 10 ************************

FullTiltPoker Game #26540217406: MiniFTOPS Main Event (190775720), Table 1104 - 10/20 - No Limit Hold'em - 17:13:23 ET - 2010/12/19

Seat 1: Player1 (7,310)
Seat 2: 2rainman2 (7,585)
Seat 3: mc foolman (8,450)
Seat 4: Kin-Chris (7,600)
Seat 5: 3pairsUK (7,420)
Seat 6: BROGSKi (7,490)
Seat 7: willythegrinder (7,550)
Seat 8: TSAIPAS (7,290)
Seat 9: DNutty (7,435)
2rainman2 posts the small blind of 10
mc foolman posts the big blind of 20
The button is in seat #1
*** HOLE CARDS ***
Dealt to Player1 [5h As]
Kin-Chris folds
3pairsUK raises to 40
BROGSKi raises to 180
willythegrinder folds
TSAIPAS folds
DNutty folds
Player1 folds
2rainman2 folds
mc foolman calls 160
3pairsUK calls 140
*** FLOP *** [3s 9s 5c]
mc foolman checks
3pairsUK checks
BROGSKi bets 369
TSAIPAS has been disconnected
TSAIPAS has reconnected
mc foolman has 15 seconds left to act
mc foolman folds
3pairsUK folds
TSAIPAS has been disconnected
Uncalled bet of 369 returned to BROGSKi
BROGSKi mucks
BROGSKi wins the pot (550)
*** SUMMARY ***
Duration 56s
Total pot 550 | Rake 0
Board: [3s 9s 5c]
Seat 1: Player1 (button) didn't bet (folded)
Seat 2: 2rainman2 (small blind) folded before the Flop
Seat 3: mc foolman (big blind) folded on the Flop
Seat 4: Kin-Chris didn't bet (folded)
Seat 5: 3pairsUK folded on the Flop
Seat 6: BROGSKi collected (550)
Seat 7: willythegrinder didn't bet (folded)
Seat 8: TSAIPAS didn't bet (folded)
Seat 9: DNutty didn't bet (folded)


******************** # 11 ************************

FullTiltPoker Game #26540249606: MiniFTOPS Main Event (190775720), Table 1104 - 10/20 - No Limit Hold'em - 17:14:20 ET - 2010/12/19

Seat 1: Player1 (7,310)
Seat 2: 2rainman2 (7,575)
Seat 3: mc foolman (8,270)
Seat 4: Kin-Chris (7,600)
Seat 5: 3pairsUK (7,240)
Seat 6: BROGSKi (7,860)
Seat 7: willythegrinder (7,550)
Seat 8: TSAIPAS (7,290)
Seat 9: DNutty (7,435)
mc foolman posts the small blind of 10
Kin-Chris posts the big blind of 20
The button is in seat #2
*** HOLE CARDS ***
Dealt to Player1 [Qs 7c]
3pairsUK folds
BROGSKi folds
willythegrinder folds
TSAIPAS has 15 seconds left to act
TSAIPAS has timed out
TSAIPAS folds
DNutty folds
Player1 folds
2rainman2 folds
mc foolman folds
Uncalled bet of 10 returned to Kin-Chris
Kin-Chris mucks
Kin-Chris wins the pot (20)
*** SUMMARY ***
Duration 42s
Total pot 20 | Rake 0
Seat 1: Player1 didn't bet (folded)
Seat 2: 2rainman2 (button) didn't bet (folded)
Seat 3: mc foolman (small blind) folded before the Flop
Seat 4: Kin-Chris (big blind) collected (20)
Seat 5: 3pairsUK didn't bet (folded)
Seat 6: BROGSKi didn't bet (folded)
Seat 7: willythegrinder didn't bet (folded)
Seat 8: TSAIPAS didn't bet (folded)
Seat 9: DNutty didn't bet (folded)


******************** # 12 ************************

FullTiltPoker Game #26540273847: MiniFTOPS Main Event (190775720), Table 1104 - 10/20 - No Limit Hold'em - 17:15:02 ET - 2010/12/19

Seat 1: Player1 (7,310)
Seat 2: 2rainman2 (7,575)
Seat 3: mc foolman (8,260)
Seat 4: Kin-Chris (7,610)
Seat 5: 3pairsUK (7,240)
Seat 6: BROGSKi (7,860)
Seat 7: willythegrinder (7,550)
Seat 8: TSAIPAS (7,290), is sitting out
Seat 9: DNutty (7,435)
Kin-Chris posts the small blind of 10
3pairsUK posts the big blind of 20
The button is in seat #3
*** HOLE CARDS ***
Dealt to Player1 [Qs Ac]
BROGSKi raises to 60
willythegrinder folds
TSAIPAS folds
DNutty folds
Player1 calls 60
2rainman2 folds
TSAIPAS has reconnected
mc foolman calls 60
Kin-Chris folds
TSAIPAS has been disconnected
3pairsUK has 15 seconds left to act
3pairsUK folds
*** FLOP *** [3d 2c As]
BROGSKi checks
Player1 bets 60
mc foolman calls 60
BROGSKi folds
*** TURN *** [3d 2c As] [7h]
Player1 bets 100
mc foolman folds
Uncalled bet of 100 returned to Player1
Player1 mucks
Player1 wins the pot (330)
*** SUMMARY ***
Duration 51s
Total pot 330 | Rake 0
Board: [3d 2c As 7h]
Seat 1: Player1 collected (330)
Seat 2: 2rainman2 didn't bet (folded)
Seat 3: mc foolman (button) folded on the Turn
Seat 4: Kin-Chris (small blind) folded before the Flop
Seat 5: 3pairsUK (big blind) folded before the Flop
Seat 6: BROGSKi folded on the Flop
Seat 7: willythegrinder didn't bet (folded)
Seat 8: TSAIPAS didn't bet (folded)
Seat 9: DNutty didn't bet (folded)


******************** # 13 ************************

FullTiltPoker Game #26540302969: MiniFTOPS Main Event (190775720), Table 1104 - 10/20 - No Limit Hold'em - 17:15:53 ET - 2010/12/19

Seat 1: Player1 (7,520)
Seat 2: 2rainman2 (7,575)
Seat 3: mc foolman (8,140)
Seat 4: Kin-Chris (7,600)
Seat 5: 3pairsUK (7,220)
Seat 6: BROGSKi (7,800)
Seat 7: willythegrinder (7,550)
Seat 8: TSAIPAS (7,290), is sitting out
Seat 9: DNutty (7,435)
3pairsUK posts the small blind of 10
BROGSKi posts the big blind of 20
The button is in seat #4
*** HOLE CARDS ***
Dealt to Player1 [As Kh]
willythegrinder folds
TSAIPAS folds
DNutty folds
Player1 raises to 80
2rainman2 folds
mc foolman calls 80
Kin-Chris folds
3pairsUK folds
BROGSKi calls 60
*** FLOP *** [6c Ks 7d]
BROGSKi checks
Player1 bets 80
TSAIPAS has reconnected
mc foolman raises to 180
BROGSKi folds
Player1 raises to 280
mc foolman calls 100
*** TURN *** [6c Ks 7d] [Ad]
Player1 checks
mc foolman checks
*** RIVER *** [6c Ks 7d Ad] [7c]
Player1 bets 80
mc foolman folds
Uncalled bet of 80 returned to Player1
Player1 mucks
Player1 wins the pot (810)
*** SUMMARY ***
Duration 66s
Total pot 810 | Rake 0
Board: [6c Ks 7d Ad 7c]
Seat 1: Player1 collected (810)
Seat 2: 2rainman2 didn't bet (folded)
Seat 3: mc foolman folded on the River
Seat 4: Kin-Chris (button) didn't bet (folded)
Seat 5: 3pairsUK (small blind) folded before the Flop
Seat 6: BROGSKi (big blind) folded on the Flop
Seat 7: willythegrinder didn't bet (folded)
Seat 8: TSAIPAS didn't bet (folded)
Seat 9: DNutty didn't bet (folded)


******************** # 14 ************************

FullTiltPoker Game #26540341166: MiniFTOPS Main Event (190775720), Table 1104 - 15/30 - No Limit Hold'em - 17:17:00 ET - 2010/12/19

Seat 1: Player1 (7,970)
Seat 2: 2rainman2 (7,575)
Seat 3: mc foolman (7,780)
Seat 4: Kin-Chris (7,600)
Seat 5: 3pairsUK (7,210)
Seat 6: BROGSKi (7,720)
Seat 7: willythegrinder (7,550)
Seat 8: TSAIPAS (7,290)
Seat 9: DNutty (7,435)
BROGSKi posts the small blind of 15
willythegrinder posts the big blind of 30
The button is in seat #5
*** HOLE CARDS ***
Dealt to Player1 [8s 8c]
TSAIPAS has 15 seconds left to act
TSAIPAS calls 30
DNutty folds
Player1 calls 30
2rainman2 folds
mc foolman folds
Kin-Chris folds
3pairsUK folds
BROGSKi calls 15
willythegrinder checks
*** FLOP *** [8h Jd Qc]
BROGSKi checks
willythegrinder checks
TSAIPAS has 15 seconds left to act
TSAIPAS checks
Player1 bets 120
BROGSKi folds
willythegrinder folds
TSAIPAS has 15 seconds left to act
TSAIPAS has been disconnected
TSAIPAS has reconnected
TSAIPAS has 15 seconds left to act
TSAIPAS folds
Uncalled bet of 120 returned to Player1
Player1 mucks
Player1 wins the pot (120)
*** SUMMARY ***
Duration 72s
Total pot 120 | Rake 0
Board: [8h Jd Qc]
Seat 1: Player1 collected (120)
Seat 2: 2rainman2 didn't bet (folded)
Seat 3: mc foolman didn't bet (folded)
Seat 4: Kin-Chris didn't bet (folded)
Seat 5: 3pairsUK (button) didn't bet (folded)
Seat 6: BROGSKi (small blind) folded on the Flop
Seat 7: willythegrinder (big blind) folded on the Flop
Seat 8: TSAIPAS folded on the Flop
Seat 9: DNutty didn't bet (folded)


******************** # 15 ************************

FullTiltPoker Game #26540382179: MiniFTOPS Main Event (190775720), Table 1104 - 15/30 - No Limit Hold'em - 17:18:12 ET - 2010/12/19

Seat 1: Player1 (8,060)
Seat 2: 2rainman2 (7,575)
Seat 3: mc foolman (7,780)
Seat 4: Kin-Chris (7,600)
Seat 5: 3pairsUK (7,210)
Seat 6: BROGSKi (7,690)
Seat 7: willythegrinder (7,520)
Seat 8: TSAIPAS (7,260)
Seat 9: DNutty (7,435)
willythegrinder posts the small blind of 15
TSAIPAS posts the big blind of 30
The button is in seat #6
*** HOLE CARDS ***
Dealt to Player1 [8d Td]
DNutty folds
Player1 folds
2rainman2 folds
mc foolman folds
TSAIPAS has been disconnected
TSAIPAS has reconnected
Kin-Chris folds
3pairsUK folds
BROGSKi raises to 90
willythegrinder calls 75
TSAIPAS calls 60
*** FLOP *** [Ts 6s Th]
willythegrinder checks
TSAIPAS has 15 seconds left to act
TSAIPAS checks
BROGSKi has 15 seconds left to act
BROGSKi bets 150
willythegrinder folds
TSAIPAS calls 150
*** TURN *** [Ts 6s Th] [9h]
TSAIPAS has 15 seconds left to act
2rainman2 has been disconnected
2rainman2 has reconnected
TSAIPAS bets 300
BROGSKi folds
Uncalled bet of 300 returned to TSAIPAS
TSAIPAS mucks
TSAIPAS wins the pot (570)
*** SUMMARY ***
Duration 82s
Total pot 570 | Rake 0
Board: [Ts 6s Th 9h]
Seat 1: Player1 didn't bet (folded)
Seat 2: 2rainman2 didn't bet (folded)
Seat 3: mc foolman didn't bet (folded)
Seat 4: Kin-Chris didn't bet (folded)
Seat 5: 3pairsUK didn't bet (folded)
Seat 6: BROGSKi (button) folded on the Turn
Seat 7: willythegrinder (small blind) folded on the Flop
Seat 8: TSAIPAS (big blind) collected (570)
Seat 9: DNutty didn't bet (folded)


******************** # 16 ************************

FullTiltPoker Game #26540429026: MiniFTOPS Main Event (190775720), Table 1104 - 15/30 - No Limit Hold'em - 17:19:35 ET - 2010/12/19

Seat 1: Player1 (8,060)
Seat 2: 2rainman2 (7,575)
Seat 3: mc foolman (7,780)
Seat 4: Kin-Chris (7,600)
Seat 5: 3pairsUK (7,210)
Seat 6: BROGSKi (7,450)
Seat 7: willythegrinder (7,430)
Seat 8: TSAIPAS (7,590)
Seat 9: DNutty (7,435)
TSAIPAS posts the small blind of 15
DNutty posts the big blind of 30
The button is in seat #7
*** HOLE CARDS ***
Dealt to Player1 [8d 7d]
Player1 folds
2rainman2 has 15 seconds left to act
2rainman2 folds
mc foolman calls 30
Kin-Chris folds
3pairsUK folds
BROGSKi folds
willythegrinder folds
TSAIPAS folds
DNutty checks
*** FLOP *** [2h 5d 3c]
DNutty checks
mc foolman bets 60
DNutty folds
Uncalled bet of 60 returned to mc foolman
mc foolman mucks
mc foolman wins the pot (75)
*** SUMMARY ***
Duration 37s
Total pot 75 | Rake 0
Board: [2h 5d 3c]
Seat 1: Player1 didn't bet (folded)
Seat 2: 2rainman2 didn't bet (folded)
Seat 3: mc foolman collected (75)
Seat 4: Kin-Chris didn't bet (folded)
Seat 5: 3pairsUK didn't bet (folded)
Seat 6: BROGSKi didn't bet (folded)
Seat 7: willythegrinder (button) didn't bet (folded)
Seat 8: TSAIPAS (small blind) folded before the Flop
Seat 9: DNutty (big blind) folded on the Flop


******************** # 17 ************************

FullTiltPoker Game #26540450211: MiniFTOPS Main Event (190775720), Table 1517 - 15/30 - No Limit Hold'em - 17:20:12 ET - 2010/12/19

Seat 1: gamblergagnon (7,505)
Seat 2: ibnfishin (7,510)
Seat 3: DrazzicEhv (7,710)
Seat 4: Player1 (8,060)
Seat 5: 5oHot (8,970)
Seat 6: fearbigred1222 (7,840)
Seat 7: mdefilip (9,355), is sitting out
gamblergagnon posts the small blind of 15
ibnfishin posts the big blind of 30
The button is in seat #9
*** HOLE CARDS ***
Dealt to Player1 [5d 2d]
DrazzicEhv folds
Player1 folds
5oHot folds
fearbigred1222 folds
mdefilip folds
gamblergagnon has 15 seconds left to act
gamblergagnon folds
Uncalled bet of 15 returned to ibnfishin
ibnfishin mucks
ibnfishin wins the pot (30)
*** SUMMARY ***
Duration 28s
Total pot 30 | Rake 0
Seat 1: gamblergagnon (small blind) folded before the Flop
Seat 2: ibnfishin (big blind) collected (30)
Seat 3: DrazzicEhv didn't bet (folded)
Seat 4: Player1 didn't bet (folded)
Seat 5: 5oHot didn't bet (folded)
Seat 6: fearbigred1222 didn't bet (folded)
Seat 7: mdefilip didn't bet (folded)


******************** # 18 ************************

FullTiltPoker Game #26540466581: MiniFTOPS Main Event (190775720), Table 1517 - 15/30 - No Limit Hold'em - 17:20:41 ET - 2010/12/19

Seat 1: gamblergagnon (7,490)
Seat 2: ibnfishin (7,525)
Seat 3: DrazzicEhv (7,710)
Seat 4: Player1 (8,060)
Seat 5: 5oHot (8,970)
Seat 6: fearbigred1222 (7,840)
Seat 7: mdefilip (9,355), is sitting out
Seat 8: Arnz18 (7,575)
Seat 9: betteratgolf22 (7,500)
ibnfishin posts the small blind of 15
DrazzicEhv posts the big blind of 30
The button is in seat #1
*** HOLE CARDS ***
Dealt to Player1 [Qd Ts]
Player1 folds
5oHot folds
fearbigred1222 has 15 seconds left to act
fearbigred1222 folds
mdefilip folds
Arnz18 raises to 90
betteratgolf22 folds
gamblergagnon has 15 seconds left to act
gamblergagnon folds
ibnfishin folds
DrazzicEhv has 15 seconds left to act
DrazzicEhv folds
Uncalled bet of 60 returned to Arnz18
Arnz18 mucks
Arnz18 wins the pot (75)
*** SUMMARY ***
Duration 54s
Total pot 75 | Rake 0
Seat 1: gamblergagnon (button) didn't bet (folded)
Seat 2: ibnfishin (small blind) folded before the Flop
Seat 3: DrazzicEhv (big blind) folded before the Flop
Seat 4: Player1 didn't bet (folded)
Seat 5: 5oHot didn't bet (folded)
Seat 6: fearbigred1222 didn't bet (folded)
Seat 7: mdefilip didn't bet (folded)
Seat 8: Arnz18 collected (75)
Seat 9: betteratgolf22 didn't bet (folded)


******************** # 19 ************************

FullTiltPoker Game #26540497134: MiniFTOPS Main Event (190775720), Table 1517 - 15/30 - No Limit Hold'em - 17:21:35 ET - 2010/12/19

Seat 1: gamblergagnon (7,490)
Seat 2: ibnfishin (7,510)
Seat 3: DrazzicEhv (7,680)
Seat 4: Player1 (8,060)
Seat 5: 5oHot (8,970)
Seat 6: fearbigred1222 (7,840)
Seat 7: mdefilip (9,355), is sitting out
Seat 8: Arnz18 (7,620)
Seat 9: betteratgolf22 (7,500)
DrazzicEhv posts the small blind of 15
Player1 posts the big blind of 30
The button is in seat #2
*** HOLE CARDS ***
Dealt to Player1 [9c 9s]
5oHot folds
fearbigred1222 folds
mdefilip folds
Arnz18 folds
betteratgolf22 folds
gamblergagnon has 15 seconds left to act
gamblergagnon raises to 90
ibnfishin folds
DrazzicEhv has 15 seconds left to act
DrazzicEhv folds
Player1 has 15 seconds left to act
Player1 calls 60
*** FLOP *** [6d As 9d]
Player1 checks
gamblergagnon has 15 seconds left to act
gamblergagnon bets 120
Player1 calls 120
*** TURN *** [6d As 9d] [Ah]
Player1 checks
gamblergagnon has 15 seconds left to act
gamblergagnon bets 300
Player1 calls 300
*** RIVER *** [6d As 9d Ah] [7d]
Player1 has 15 seconds left to act
Player1 checks
gamblergagnon has 15 seconds left to act
gamblergagnon bets 500
Player1 raises to 1,000
gamblergagnon calls 500
*** SHOW DOWN ***
Player1 shows [9c 9s] a full house, Nines full of Aces
gamblergagnon mucks
Player1 wins the pot (3,035) with a full house, Nines full of Aces
*** SUMMARY ***
Duration 142s
Total pot 3,035 | Rake 0
Board: [6d As 9d Ah 7d]
Seat 1: gamblergagnon mucked [Ac Jc] - three of a kind, Aces
Seat 2: ibnfishin (button) didn't bet (folded)
Seat 3: DrazzicEhv (small blind) folded before the Flop
Seat 4: Player1 (big blind) showed [9c 9s] and won (3,035) with a full house, Nines full of Aces
Seat 5: 5oHot didn't bet (folded)
Seat 6: fearbigred1222 didn't bet (folded)
Seat 7: mdefilip didn't bet (folded)
Seat 8: Arnz18 didn't bet (folded)
Seat 9: betteratgolf22 didn't bet (folded)


******************** # 20 ************************

FullTiltPoker Game #26540576718: MiniFTOPS Main Event (190775720), Table 1517 - 15/30 - No Limit Hold'em - 17:23:58 ET - 2010/12/19

Seat 1: gamblergagnon (5,980)
Seat 2: ibnfishin (7,510)
Seat 3: DrazzicEhv (7,665)
Seat 4: Player1 (9,585)
Seat 5: 5oHot (8,970)
Seat 6: fearbigred1222 (7,840)
Seat 7: mdefilip (9,355)
Seat 8: Arnz18 (7,620)
Seat 9: betteratgolf22 (7,500)
Player1 posts the small blind of 15
5oHot posts the big blind of 30
The button is in seat #3
*** HOLE CARDS ***
Dealt to Player1 [9c 4h]
fearbigred1222 folds
mdefilip has 15 seconds left to act
mdefilip raises to 90
Arnz18 folds
betteratgolf22 folds
gamblergagnon folds
ibnfishin folds
DrazzicEhv has 15 seconds left to act
DrazzicEhv folds
Player1 folds
5oHot folds
Uncalled bet of 60 returned to mdefilip
mdefilip mucks
mdefilip wins the pot (75)
*** SUMMARY ***
Duration 40s
Total pot 75 | Rake 0
Seat 1: gamblergagnon didn't bet (folded)
Seat 2: ibnfishin didn't bet (folded)
Seat 3: DrazzicEhv (button) didn't bet (folded)
Seat 4: Player1 (small blind) folded before the Flop
Seat 5: 5oHot (big blind) folded before the Flop
Seat 6: fearbigred1222 didn't bet (folded)
Seat 7: mdefilip collected (75)
Seat 8: Arnz18 didn't bet (folded)
Seat 9: betteratgolf22 didn't bet (folded)


******************** # 21 ************************

FullTiltPoker Game #26540598769: MiniFTOPS Main Event (190775720), Table 1517 - 15/30 - No Limit Hold'em - 17:24:39 ET - 2010/12/19

Seat 1: gamblergagnon (5,980)
Seat 2: ibnfishin (7,510)
Seat 3: DrazzicEhv (7,665)
Seat 4: Player1 (9,570)
Seat 5: 5oHot (8,940)
Seat 6: fearbigred1222 (7,840)
Seat 7: mdefilip (9,400)
Seat 8: Arnz18 (7,620)
Seat 9: betteratgolf22 (7,500)
5oHot posts the small blind of 15
fearbigred1222 posts the big blind of 30
The button is in seat #4
*** HOLE CARDS ***
Dealt to Player1 [6d 5c]
mdefilip has 15 seconds left to act
mdefilip has timed out
mdefilip folds
Arnz18 folds
betteratgolf22 folds
gamblergagnon folds
ibnfishin folds
DrazzicEhv folds
Player1 folds
5oHot folds
Uncalled bet of 15 returned to fearbigred1222
fearbigred1222 mucks
fearbigred1222 wins the pot (30)
*** SUMMARY ***
Duration 37s
Total pot 30 | Rake 0
Seat 1: gamblergagnon didn't bet (folded)
Seat 2: ibnfishin didn't bet (folded)
Seat 3: DrazzicEhv didn't bet (folded)
Seat 4: Player1 (button) didn't bet (folded)
Seat 5: 5oHot (small blind) folded before the Flop
Seat 6: fearbigred1222 (big blind) collected (30)
Seat 7: mdefilip didn't bet (folded)
Seat 8: Arnz18 didn't bet (folded)
Seat 9: betteratgolf22 didn't bet (folded)


******************** # 22 ************************

FullTiltPoker Game #26540619748: MiniFTOPS Main Event (190775720), Table 1517 - 15/30 - No Limit Hold'em - 17:25:17 ET - 2010/12/19

Seat 1: gamblergagnon (5,980)
Seat 2: ibnfishin (7,510)
Seat 3: DrazzicEhv (7,665)
Seat 4: Player1 (9,570)
Seat 5: 5oHot (8,925)
Seat 6: fearbigred1222 (7,855)
Seat 7: mdefilip (9,400)
Seat 8: Arnz18 (7,620)
Seat 9: betteratgolf22 (7,500)
fearbigred1222 posts the small blind of 15
mdefilip posts the big blind of 30
The button is in seat #5
*** HOLE CARDS ***
Dealt to Player1 [Qs 8c]
Arnz18 folds
betteratgolf22 has 15 seconds left to act
betteratgolf22 raises to 85
gamblergagnon folds
ibnfishin calls 85
DrazzicEhv folds
Player1 folds
5oHot raises to 405
fearbigred1222 has 15 seconds left to act
betteratgolf22: good bet
fearbigred1222 has timed out
fearbigred1222 folds
mdefilip has 15 seconds left to act
mdefilip folds
betteratgolf22 folds
ibnfishin folds
Uncalled bet of 320 returned to 5oHot
5oHot mucks
5oHot wins the pot (300)
*** SUMMARY ***
Duration 81s
Total pot 300 | Rake 0
Seat 1: gamblergagnon didn't bet (folded)
Seat 2: ibnfishin folded before the Flop
Seat 3: DrazzicEhv didn't bet (folded)
Seat 4: Player1 didn't bet (folded)
Seat 5: 5oHot (button) collected (300)
Seat 6: fearbigred1222 (small blind) folded before the Flop
Seat 7: mdefilip (big blind) folded before the Flop
Seat 8: Arnz18 didn't bet (folded)
Seat 9: betteratgolf22 folded before the Flop


******************** # 23 ************************

FullTiltPoker Game #26540664282: MiniFTOPS Main Event (190775720), Table 1517 - 15/30 - No Limit Hold'em - 17:26:38 ET - 2010/12/19

Seat 1: gamblergagnon (5,980)
Seat 2: ibnfishin (7,425)
Seat 3: DrazzicEhv (7,665)
Seat 4: Player1 (9,570)
Seat 5: 5oHot (9,140)
Seat 6: fearbigred1222 (7,840)
Seat 7: mdefilip (9,370)
Seat 8: Arnz18 (7,620)
Seat 9: betteratgolf22 (7,415)
mdefilip posts the small blind of 15
Arnz18 posts the big blind of 30
The button is in seat #6
*** HOLE CARDS ***
Dealt to Player1 [3c Jd]
betteratgolf22 folds
gamblergagnon folds
ibnfishin folds
DrazzicEhv folds
Player1 folds
5oHot folds
fearbigred1222 has 15 seconds left to act
fearbigred1222 folds
mdefilip folds
Uncalled bet of 15 returned to Arnz18
Arnz18 mucks
Arnz18 wins the pot (30)
*** SUMMARY ***
Duration 39s
Total pot 30 | Rake 0
Seat 1: gamblergagnon didn't bet (folded)
Seat 2: ibnfishin didn't bet (folded)
Seat 3: DrazzicEhv didn't bet (folded)
Seat 4: Player1 didn't bet (folded)
Seat 5: 5oHot didn't bet (folded)
Seat 6: fearbigred1222 (button) didn't bet (folded)
Seat 7: mdefilip (small blind) folded before the Flop
Seat 8: Arnz18 (big blind) collected (30)
Seat 9: betteratgolf22 didn't bet (folded)


******************** # 24 ************************

FullTiltPoker Game #26540686113: MiniFTOPS Main Event (190775720), Table 1517 - 15/30 - No Limit Hold'em - 17:27:18 ET - 2010/12/19

Seat 1: gamblergagnon (5,980)
Seat 2: ibnfishin (7,425)
Seat 3: DrazzicEhv (7,665)
Seat 4: Player1 (9,570)
Seat 5: 5oHot (9,140)
Seat 6: fearbigred1222 (7,840)
Seat 7: mdefilip (9,355)
Seat 8: Arnz18 (7,635)
Seat 9: betteratgolf22 (7,415)
Arnz18 posts the small blind of 15
betteratgolf22 posts the big blind of 30
The button is in seat #7
*** HOLE CARDS ***
Dealt to Player1 [7d Qd]
gamblergagnon folds
ibnfishin folds
DrazzicEhv folds
Player1 folds
5oHot folds
fearbigred1222 folds
mdefilip folds
Arnz18 folds
Uncalled bet of 15 returned to betteratgolf22
betteratgolf22 mucks
betteratgolf22 wins the pot (30)
*** SUMMARY ***
Duration 27s
Total pot 30 | Rake 0
Seat 1: gamblergagnon didn't bet (folded)
Seat 2: ibnfishin didn't bet (folded)
Seat 3: DrazzicEhv didn't bet (folded)
Seat 4: Player1 didn't bet (folded)
Seat 5: 5oHot didn't bet (folded)
Seat 6: fearbigred1222 didn't bet (folded)
Seat 7: mdefilip (button) didn't bet (folded)
Seat 8: Arnz18 (small blind) folded before the Flop
Seat 9: betteratgolf22 (big blind) collected (30)


******************** # 25 ************************

FullTiltPoker Game #26540701154: MiniFTOPS Main Event (190775720), Table 1517 - 15/30 - No Limit Hold'em - 17:27:46 ET - 2010/12/19

Seat 1: gamblergagnon (5,980)
Seat 2: ibnfishin (7,425)
Seat 3: DrazzicEhv (7,665)
Seat 4: Player1 (9,570)
Seat 5: 5oHot (9,140)
Seat 6: fearbigred1222 (7,840)
Seat 7: mdefilip (9,355)
Seat 8: Arnz18 (7,620)
Seat 9: betteratgolf22 (7,430)
betteratgolf22 posts the small blind of 15
gamblergagnon posts the big blind of 30
The button is in seat #8
*** HOLE CARDS ***
Dealt to Player1 [6h 2c]
ibnfishin has 15 seconds left to act
ibnfishin folds
DrazzicEhv folds
Player1 has 15 seconds left to act
Player1 folds
5oHot folds
fearbigred1222 folds
mdefilip folds
Arnz18 raises to 60
betteratgolf22 folds
gamblergagnon calls 30
*** FLOP *** [Ts Jc 5s]
gamblergagnon checks
Arnz18 checks
*** TURN *** [Ts Jc 5s] [8s]
gamblergagnon has 15 seconds left to act
gamblergagnon bets 90
Arnz18 calls 90
*** RIVER *** [Ts Jc 5s 8s] [4c]
gamblergagnon checks
Arnz18 bets 150
gamblergagnon calls 150
*** SHOW DOWN ***
Arnz18 shows [9h Jh] a pair of Jacks
gamblergagnon mucks
Arnz18 wins the pot (615) with a pair of Jacks
*** SUMMARY ***
Duration 76s
Total pot 615 | Rake 0
Board: [Ts Jc 5s 8s 4c]
Seat 1: gamblergagnon (big blind) mucked [Qh Tc] - a pair of Tens
Seat 2: ibnfishin didn't bet (folded)
Seat 3: DrazzicEhv didn't bet (folded)
Seat 4: Player1 didn't bet (folded)
Seat 5: 5oHot didn't bet (folded)
Seat 6: fearbigred1222 didn't bet (folded)
Seat 7: mdefilip didn't bet (folded)
Seat 8: Arnz18 (button) showed [9h Jh] and won (615) with a pair of Jacks
Seat 9: betteratgolf22 (small blind) folded before the Flop


******************** # 26 ************************

FullTiltPoker Game #26540742722: MiniFTOPS Main Event (190775720), Table 1517 - 20/40 - No Limit Hold'em - 17:29:02 ET - 2010/12/19

Seat 1: gamblergagnon (5,680)
Seat 2: ibnfishin (7,425)
Seat 3: DrazzicEhv (7,665)
Seat 4: Player1 (9,570)
Seat 5: 5oHot (9,140)
Seat 6: fearbigred1222 (7,840)
Seat 7: mdefilip (9,355)
Seat 8: Arnz18 (7,935)
Seat 9: betteratgolf22 (7,415)
gamblergagnon posts the small blind of 20
ibnfishin posts the big blind of 40
The button is in seat #9
*** HOLE CARDS ***
Dealt to Player1 [6h 7s]
DrazzicEhv has 15 seconds left to act
DrazzicEhv folds
Player1 has 15 seconds left to act
Player1 folds
5oHot folds
fearbigred1222 folds
mdefilip has 15 seconds left to act
mdefilip folds
Arnz18 folds
betteratgolf22 folds
gamblergagnon raises to 120
ibnfishin has 15 seconds left to act
ibnfishin folds
Uncalled bet of 80 returned to gamblergagnon
gamblergagnon mucks
gamblergagnon wins the pot (80)
*** SUMMARY ***
Duration 64s
Total pot 80 | Rake 0
Seat 1: gamblergagnon (small blind) collected (80)
Seat 2: ibnfishin (big blind) folded before the Flop
Seat 3: DrazzicEhv didn't bet (folded)
Seat 4: Player1 didn't bet (folded)
Seat 5: 5oHot didn't bet (folded)
Seat 6: fearbigred1222 didn't bet (folded)
Seat 7: mdefilip didn't bet (folded)
Seat 8: Arnz18 didn't bet (folded)
Seat 9: betteratgolf22 (button) didn't bet (folded)


******************** # 27 ************************

FullTiltPoker Game #26540777483: MiniFTOPS Main Event (190775720), Table 1517 - 20/40 - No Limit Hold'em - 17:30:07 ET - 2010/12/19

Seat 1: gamblergagnon (5,720)
Seat 2: ibnfishin (7,385)
Seat 3: DrazzicEhv (7,665)
Seat 4: Player1 (9,570)
Seat 5: 5oHot (9,140)
Seat 6: fearbigred1222 (7,840)
Seat 7: mdefilip (9,355)
Seat 8: Arnz18 (7,935)
Seat 9: betteratgolf22 (7,415)
ibnfishin posts the small blind of 20
DrazzicEhv posts the big blind of 40
The button is in seat #1
*** HOLE CARDS ***
Dealt to Player1 [Ts 5h]
Player1 has 15 seconds left to act
Player1 folds
5oHot raises to 160
fearbigred1222 folds
mdefilip has 15 seconds left to act
mdefilip folds
Arnz18 folds
betteratgolf22 has 15 seconds left to act
betteratgolf22 has timed out
betteratgolf22 folds
gamblergagnon folds
ibnfishin folds
DrazzicEhv folds
Uncalled bet of 120 returned to 5oHot
5oHot mucks
5oHot wins the pot (100)
*** SUMMARY ***
Duration 56s
Total pot 100 | Rake 0
Seat 1: gamblergagnon (button) didn't bet (folded)
Seat 2: ibnfishin (small blind) folded before the Flop
Seat 3: DrazzicEhv (big blind) folded before the Flop
Seat 4: Player1 didn't bet (folded)
Seat 5: 5oHot collected (100)
Seat 6: fearbigred1222 didn't bet (folded)
Seat 7: mdefilip didn't bet (folded)
Seat 8: Arnz18 didn't bet (folded)
Seat 9: betteratgolf22 didn't bet (folded)


******************** # 28 ************************

FullTiltPoker Game #26540807895: MiniFTOPS Main Event (190775720), Table 1517 - 20/40 - No Limit Hold'em - 17:31:03 ET - 2010/12/19

Seat 1: gamblergagnon (5,720)
Seat 2: ibnfishin (7,365)
Seat 3: DrazzicEhv (7,625)
Seat 4: Player1 (9,570)
Seat 5: 5oHot (9,200)
Seat 6: fearbigred1222 (7,840)
Seat 7: mdefilip (9,355)
Seat 8: Arnz18 (7,935)
Seat 9: betteratgolf22 (7,415), is sitting out
DrazzicEhv posts the small blind of 20
Player1 posts the big blind of 40
The button is in seat #2
*** HOLE CARDS ***
Dealt to Player1 [4c Qh]
5oHot folds
fearbigred1222 calls 40
mdefilip has 15 seconds left to act
mdefilip folds
Arnz18 folds
betteratgolf22 has 15 seconds left to act
betteratgolf22 folds
gamblergagnon has 15 seconds left to act
gamblergagnon calls 40
ibnfishin calls 40
DrazzicEhv folds
Player1 has 15 seconds left to act
Player1 checks
*** FLOP *** [9h 7d 7c]
Player1 has 15 seconds left to act
Player1 checks
fearbigred1222 checks
gamblergagnon has 15 seconds left to act
gamblergagnon checks
ibnfishin checks
*** TURN *** [9h 7d 7c] [7h]
Player1 checks
fearbigred1222 checks
gamblergagnon has 15 seconds left to act
gamblergagnon bets 120
ibnfishin has 15 seconds left to act
ibnfishin folds
Player1 folds
fearbigred1222 folds
Uncalled bet of 120 returned to gamblergagnon
gamblergagnon mucks
gamblergagnon wins the pot (180)
*** SUMMARY ***
Duration 151s
Total pot 180 | Rake 0
Board: [9h 7d 7c 7h]
Seat 1: gamblergagnon collected (180)
Seat 2: ibnfishin (button) folded on the Turn
Seat 3: DrazzicEhv (small blind) folded before the Flop
Seat 4: Player1 (big blind) folded on the Turn
Seat 5: 5oHot didn't bet (folded)
Seat 6: fearbigred1222 folded on the Turn
Seat 7: mdefilip didn't bet (folded)
Seat 8: Arnz18 didn't bet (folded)
Seat 9: betteratgolf22 didn't bet (folded)


******************** # 29 ************************

FullTiltPoker Game #26540888810: MiniFTOPS Main Event (190775720), Table 1517 - 20/40 - No Limit Hold'em - 17:33:35 ET - 2010/12/19

Seat 1: gamblergagnon (5,860)
Seat 2: ibnfishin (7,325)
Seat 3: DrazzicEhv (7,605)
Seat 4: Player1 (9,530)
Seat 5: 5oHot (9,200)
Seat 6: fearbigred1222 (7,800)
Seat 7: mdefilip (9,355)
Seat 8: Arnz18 (7,935)
Seat 9: betteratgolf22 (7,415)
Player1 posts the small blind of 20
5oHot posts the big blind of 40
The button is in seat #3
*** HOLE CARDS ***
Dealt to Player1 [2h 6h]
fearbigred1222 calls 40
mdefilip folds
Arnz18 folds
betteratgolf22 folds
gamblergagnon folds
ibnfishin folds
DrazzicEhv folds
Player1 folds
5oHot checks
*** FLOP *** [8h 6c 3h]
5oHot checks
fearbigred1222 bets 120
5oHot folds
Uncalled bet of 120 returned to fearbigred1222
fearbigred1222 mucks
fearbigred1222 wins the pot (100)
*** SUMMARY ***
Duration 48s
Total pot 100 | Rake 0
Board: [8h 6c 3h]
Seat 1: gamblergagnon didn't bet (folded)
Seat 2: ibnfishin didn't bet (folded)
Seat 3: DrazzicEhv (button) didn't bet (folded)
Seat 4: Player1 (small blind) folded before the Flop
Seat 5: 5oHot (big blind) folded on the Flop
Seat 6: fearbigred1222 collected (100)
Seat 7: mdefilip didn't bet (folded)
Seat 8: Arnz18 didn't bet (folded)
Seat 9: betteratgolf22 didn't bet (folded)


******************** # 30 ************************

FullTiltPoker Game #26540914903: MiniFTOPS Main Event (190775720), Table 1517 - 20/40 - No Limit Hold'em - 17:34:24 ET - 2010/12/19

Seat 1: gamblergagnon (5,860)
Seat 2: ibnfishin (7,325)
Seat 3: DrazzicEhv (7,605)
Seat 4: Player1 (9,510)
Seat 5: 5oHot (9,160)
Seat 6: fearbigred1222 (7,860)
Seat 7: mdefilip (9,355)
Seat 8: Arnz18 (7,935)
Seat 9: betteratgolf22 (7,415)
5oHot posts the small blind of 20
fearbigred1222 posts the big blind of 40
The button is in seat #4
*** HOLE CARDS ***
Dealt to Player1 [6s 4c]
mdefilip folds
Arnz18 folds
betteratgolf22 has 15 seconds left to act
betteratgolf22 has timed out
betteratgolf22 folds
gamblergagnon folds
ibnfishin folds
DrazzicEhv raises to 120
Player1 folds
5oHot folds
fearbigred1222 has 15 seconds left to act
fearbigred1222 calls 80
*** FLOP *** [9d 3d 4d]
fearbigred1222 checks
DrazzicEhv bets 200
fearbigred1222 folds
Uncalled bet of 200 returned to DrazzicEhv
DrazzicEhv mucks
DrazzicEhv wins the pot (260)
*** SUMMARY ***
Duration 79s
Total pot 260 | Rake 0
Board: [9d 3d 4d]
Seat 1: gamblergagnon didn't bet (folded)
Seat 2: ibnfishin didn't bet (folded)
Seat 3: DrazzicEhv collected (260)
Seat 4: Player1 (button) didn't bet (folded)
Seat 5: 5oHot (small blind) folded before the Flop
Seat 6: fearbigred1222 (big blind) folded on the Flop
Seat 7: mdefilip didn't bet (folded)
Seat 8: Arnz18 didn't bet (folded)
Seat 9: betteratgolf22 didn't bet (folded)


******************** # 31 ************************

FullTiltPoker Game #26540956540: MiniFTOPS Main Event (190775720), Table 1517 - 20/40 - No Limit Hold'em - 17:35:43 ET - 2010/12/19

Seat 1: gamblergagnon (5,860)
Seat 2: ibnfishin (7,325)
Seat 3: DrazzicEhv (7,745)
Seat 4: Player1 (9,510)
Seat 5: 5oHot (9,140)
Seat 6: fearbigred1222 (7,740)
Seat 7: mdefilip (9,355)
Seat 8: Arnz18 (7,935)
Seat 9: betteratgolf22 (7,415)
fearbigred1222 posts the small blind of 20
mdefilip posts the big blind of 40
The button is in seat #5
*** HOLE CARDS ***
Dealt to Player1 [8c Tc]
Arnz18 raises to 80
betteratgolf22 folds
gamblergagnon folds
ibnfishin folds
DrazzicEhv has 15 seconds left to act
DrazzicEhv folds
Player1 folds
5oHot folds
fearbigred1222 calls 60
gamblergagnon has been disconnected
gamblergagnon has reconnected
mdefilip folds
*** FLOP *** [As Qc 4d]
fearbigred1222 checks
Arnz18 checks
*** TURN *** [As Qc 4d] [2c]
fearbigred1222 has 15 seconds left to act
fearbigred1222 checks
Arnz18 bets 120
fearbigred1222 folds
Uncalled bet of 120 returned to Arnz18
Arnz18 mucks
Arnz18 wins the pot (200)
*** SUMMARY ***
Duration 60s
Total pot 200 | Rake 0
Board: [As Qc 4d 2c]
Seat 1: gamblergagnon didn't bet (folded)
Seat 2: ibnfishin didn't bet (folded)
Seat 3: DrazzicEhv didn't bet (folded)
Seat 4: Player1 didn't bet (folded)
Seat 5: 5oHot (button) didn't bet (folded)
Seat 6: fearbigred1222 (small blind) folded on the Turn
Seat 7: mdefilip (big blind) folded before the Flop
Seat 8: Arnz18 collected (200)
Seat 9: betteratgolf22 didn't bet (folded)


******************** # 32 ************************

FullTiltPoker Game #26540989664: MiniFTOPS Main Event (190775720), Table 1517 - 20/40 - No Limit Hold'em - 17:36:44 ET - 2010/12/19

Seat 1: gamblergagnon (5,860)
Seat 2: ibnfishin (7,325)
Seat 3: DrazzicEhv (7,745)
Seat 4: Player1 (9,510)
Seat 5: 5oHot (9,140)
Seat 6: fearbigred1222 (7,660)
Seat 7: mdefilip (9,315)
Seat 8: Arnz18 (8,055)
Seat 9: betteratgolf22 (7,415)
mdefilip posts the small blind of 20
Arnz18 posts the big blind of 40
The button is in seat #6
*** HOLE CARDS ***
Dealt to Player1 [Ks Qs]
betteratgolf22 has 15 seconds left to act
betteratgolf22 folds
gamblergagnon folds
ibnfishin folds
DrazzicEhv folds
Player1 raises to 120
5oHot has 15 seconds left to act
5oHot calls 120
fearbigred1222 calls 120
mdefilip folds
Arnz18 has 15 seconds left to act
Arnz18 calls 80
*** FLOP *** [5h 4d 7c]
Arnz18 checks
Player1 checks
5oHot checks
fearbigred1222 checks
*** TURN *** [5h 4d 7c] [2h]
Arnz18 has 15 seconds left to act
Arnz18 bets 240
Player1 folds
5oHot folds
fearbigred1222 folds
Uncalled bet of 240 returned to Arnz18
Arnz18 mucks
Arnz18 wins the pot (500)
*** SUMMARY ***
Duration 84s
Total pot 500 | Rake 0
Board: [5h 4d 7c 2h]
Seat 1: gamblergagnon didn't bet (folded)
Seat 2: ibnfishin didn't bet (folded)
Seat 3: DrazzicEhv didn't bet (folded)
Seat 4: Player1 folded on the Turn
Seat 5: 5oHot folded on the Turn
Seat 6: fearbigred1222 (button) folded on the Turn
Seat 7: mdefilip (small blind) folded before the Flop
Seat 8: Arnz18 (big blind) collected (500)
Seat 9: betteratgolf22 didn't bet (folded)


******************** # 33 ************************

FullTiltPoker Game #26541035788: MiniFTOPS Main Event (190775720), Table 1517 - 20/40 - No Limit Hold'em - 17:38:08 ET - 2010/12/19

Seat 1: gamblergagnon (5,860)
Seat 2: ibnfishin (7,325)
Seat 3: DrazzicEhv (7,745)
Seat 4: Player1 (9,390)
Seat 5: 5oHot (9,020)
Seat 6: fearbigred1222 (7,540)
Seat 7: mdefilip (9,295)
Seat 8: Arnz18 (8,435)
Seat 9: betteratgolf22 (7,415)
Arnz18 posts the small blind of 20
betteratgolf22 posts the big blind of 40
The button is in seat #7
*** HOLE CARDS ***
Dealt to Player1 [Kh Ks]
gamblergagnon has 15 seconds left to act
gamblergagnon raises to 100
ibnfishin has 15 seconds left to act
ibnfishin folds
DrazzicEhv folds
Player1 raises to 160
5oHot folds
fearbigred1222 calls 160
mdefilip has 15 seconds left to act
mdefilip folds
Arnz18 folds
betteratgolf22 has 15 seconds left to act
betteratgolf22 folds
gamblergagnon calls 60
*** FLOP *** [Jh 6d 3c]
gamblergagnon checks
Player1 bets 320
fearbigred1222 folds
gamblergagnon calls 320
*** TURN *** [Jh 6d 3c] [6c]
gamblergagnon checks
Player1 checks
*** RIVER *** [Jh 6d 3c 6c] [8s]
gamblergagnon checks
Player1 bets 340
gamblergagnon calls 340
*** SHOW DOWN ***
Player1 shows [Kh Ks] two pair, Kings and Sixes
gamblergagnon mucks
Player1 wins the pot (1,860) with two pair, Kings and Sixes
*** SUMMARY ***
Duration 107s
Total pot 1,860 | Rake 0
Board: [Jh 6d 3c 6c 8s]
Seat 1: gamblergagnon mucked [Js Ts] - two pair, Jacks and Sixes
Seat 2: ibnfishin didn't bet (folded)
Seat 3: DrazzicEhv didn't bet (folded)
Seat 4: Player1 showed [Kh Ks] and won (1,860) with two pair, Kings and Sixes
Seat 5: 5oHot didn't bet (folded)
Seat 6: fearbigred1222 folded on the Flop
Seat 7: mdefilip (button) didn't bet (folded)
Seat 8: Arnz18 (small blind) folded before the Flop
Seat 9: betteratgolf22 (big blind) folded before the Flop


******************** # 34 ************************

FullTiltPoker Game #26541094359: MiniFTOPS Main Event (190775720), Table 1517 - 20/40 - No Limit Hold'em - 17:39:57 ET - 2010/12/19

Seat 1: gamblergagnon (5,040)
Seat 2: ibnfishin (7,325)
Seat 3: DrazzicEhv (7,745)
Seat 4: Player1 (10,430)
Seat 5: 5oHot (9,020)
Seat 6: fearbigred1222 (7,380)
Seat 7: mdefilip (9,295)
Seat 8: Arnz18 (8,415)
Seat 9: betteratgolf22 (7,375)
betteratgolf22 posts the small blind of 20
gamblergagnon posts the big blind of 40
The button is in seat #8
*** HOLE CARDS ***
Dealt to Player1 [Th 4c]
ibnfishin folds
DrazzicEhv folds
Player1 folds
5oHot folds
fearbigred1222 has 15 seconds left to act
fearbigred1222 folds
mdefilip has 15 seconds left to act
mdefilip folds
Arnz18 raises to 80
betteratgolf22 folds
gamblergagnon calls 40
*** FLOP *** [5c Kh 9d]
gamblergagnon checks
Arnz18 checks
*** TURN *** [5c Kh 9d] [Qh]
gamblergagnon checks
Arnz18 checks
*** RIVER *** [5c Kh 9d Qh] [3c]
gamblergagnon checks
Arnz18 checks
*** SHOW DOWN ***
Arnz18 shows [Ac 5h] a pair of Fives
gamblergagnon mucks
Arnz18 wins the pot (180) with a pair of Fives
*** SUMMARY ***
Duration 76s
Total pot 180 | Rake 0
Board: [5c Kh 9d Qh 3c]
Seat 1: gamblergagnon (big blind) mucked [7c Jc] - King Queen high
Seat 2: ibnfishin didn't bet (folded)
Seat 3: DrazzicEhv didn't bet (folded)
Seat 4: Player1 didn't bet (folded)
Seat 5: 5oHot didn't bet (folded)
Seat 6: fearbigred1222 didn't bet (folded)
Seat 7: mdefilip didn't bet (folded)
Seat 8: Arnz18 (button) showed [Ac 5h] and won (180) with a pair of Fives
Seat 9: betteratgolf22 (small blind) folded before the Flop


******************** # 35 ************************

FullTiltPoker Game #26541135007: MiniFTOPS Main Event (190775720), Table 1517 - 25/50 - No Limit Hold'em - 17:41:13 ET - 2010/12/19

Seat 1: gamblergagnon (4,960)
Seat 2: ibnfishin (7,325)
Seat 3: DrazzicEhv (7,745)
Seat 4: Player1 (10,430)
Seat 5: 5oHot (9,020)
Seat 6: fearbigred1222 (7,380)
Seat 7: mdefilip (9,295)
Seat 8: Arnz18 (8,515)
Seat 9: betteratgolf22 (7,355)
gamblergagnon posts the small blind of 25
ibnfishin posts the big blind of 50
The button is in seat #9
*** HOLE CARDS ***
Dealt to Player1 [3h 9c]
DrazzicEhv has 15 seconds left to act
DrazzicEhv folds
Player1 folds
5oHot folds
fearbigred1222 folds
mdefilip folds
Arnz18 has 15 seconds left to act
Arnz18 folds
betteratgolf22 folds
gamblergagnon folds
Uncalled bet of 25 returned to ibnfishin
ibnfishin mucks
ibnfishin wins the pot (50)
*** SUMMARY ***
Duration 33s
Total pot 50 | Rake 0
Seat 1: gamblergagnon (small blind) folded before the Flop
Seat 2: ibnfishin (big blind) collected (50)
Seat 3: DrazzicEhv didn't bet (folded)
Seat 4: Player1 didn't bet (folded)
Seat 5: 5oHot didn't bet (folded)
Seat 6: fearbigred1222 didn't bet (folded)
Seat 7: mdefilip didn't bet (folded)
Seat 8: Arnz18 didn't bet (folded)
Seat 9: betteratgolf22 (button) didn't bet (folded)


******************** # 36 ************************

FullTiltPoker Game #26541153174: MiniFTOPS Main Event (190775720), Table 1517 - 25/50 - No Limit Hold'em - 17:41:47 ET - 2010/12/19

Seat 1: gamblergagnon (4,935)
Seat 2: ibnfishin (7,350)
Seat 3: DrazzicEhv (7,745)
Seat 4: Player1 (10,430)
Seat 5: 5oHot (9,020)
Seat 6: fearbigred1222 (7,380)
Seat 7: mdefilip (9,295)
Seat 8: Arnz18 (8,515)
Seat 9: betteratgolf22 (7,355)
ibnfishin posts the small blind of 25
DrazzicEhv posts the big blind of 50
The button is in seat #1
*** HOLE CARDS ***
Dealt to Player1 [5s 7c]
Player1 folds
5oHot folds
fearbigred1222 has 15 seconds left to act
fearbigred1222 folds
mdefilip raises to 150
Arnz18 folds
betteratgolf22 folds
gamblergagnon folds
ibnfishin folds
DrazzicEhv folds
Uncalled bet of 100 returned to mdefilip
mdefilip mucks
mdefilip wins the pot (125)
*** SUMMARY ***
Duration 44s
Total pot 125 | Rake 0
Seat 1: gamblergagnon (button) didn't bet (folded)
Seat 2: ibnfishin (small blind) folded before the Flop
Seat 3: DrazzicEhv (big blind) folded before the Flop
Seat 4: Player1 didn't bet (folded)
Seat 5: 5oHot didn't bet (folded)
Seat 6: fearbigred1222 didn't bet (folded)
Seat 7: mdefilip collected (125)
Seat 8: Arnz18 didn't bet (folded)
Seat 9: betteratgolf22 didn't bet (folded)


******************** # 37 ************************

FullTiltPoker Game #26541177323: MiniFTOPS Main Event (190775720), Table 1517 - 25/50 - No Limit Hold'em - 17:42:31 ET - 2010/12/19

Seat 1: gamblergagnon (4,935)
Seat 2: ibnfishin (7,325)
Seat 3: DrazzicEhv (7,695)
Seat 4: Player1 (10,430)
Seat 5: 5oHot (9,020)
Seat 6: fearbigred1222 (7,380)
Seat 7: mdefilip (9,370)
Seat 8: Arnz18 (8,515)
Seat 9: betteratgolf22 (7,355)
DrazzicEhv posts the small blind of 25
Player1 posts the big blind of 50
The button is in seat #2
*** HOLE CARDS ***
Dealt to Player1 [3c Qh]
5oHot folds
fearbigred1222 calls 50
mdefilip folds
Arnz18 folds
betteratgolf22 has 15 seconds left to act
betteratgolf22 raises to 200
gamblergagnon folds
ibnfishin folds
DrazzicEhv folds
Player1 folds
fearbigred1222 calls 150
*** FLOP *** [8c 2c Td]
fearbigred1222 checks
betteratgolf22 has 15 seconds left to act
betteratgolf22 bets 225
fearbigred1222 folds
Uncalled bet of 225 returned to betteratgolf22
betteratgolf22 mucks
betteratgolf22 wins the pot (475)
*** SUMMARY ***
Duration 70s
Total pot 475 | Rake 0
Board: [8c 2c Td]
Seat 1: gamblergagnon didn't bet (folded)
Seat 2: ibnfishin (button) didn't bet (folded)
Seat 3: DrazzicEhv (small blind) folded before the Flop
Seat 4: Player1 (big blind) folded before the Flop
Seat 5: 5oHot didn't bet (folded)
Seat 6: fearbigred1222 folded on the Flop
Seat 7: mdefilip didn't bet (folded)
Seat 8: Arnz18 didn't bet (folded)
Seat 9: betteratgolf22 collected (475)


******************** # 38 ************************

FullTiltPoker Game #26541215271: MiniFTOPS Main Event (190775720), Table 1517 - 25/50 - No Limit Hold'em - 17:43:42 ET - 2010/12/19

Seat 1: gamblergagnon (4,935)
Seat 2: ibnfishin (7,325)
Seat 3: DrazzicEhv (7,670)
Seat 4: Player1 (10,380)
Seat 5: 5oHot (9,020)
Seat 6: fearbigred1222 (7,180)
Seat 7: mdefilip (9,370)
Seat 8: Arnz18 (8,515)
Seat 9: betteratgolf22 (7,630)
Player1 posts the small blind of 25
5oHot posts the big blind of 50
The button is in seat #3
*** HOLE CARDS ***
Dealt to Player1 [6c 3c]
fearbigred1222 has 15 seconds left to act
fearbigred1222 folds
mdefilip folds
Arnz18 folds
betteratgolf22 folds
gamblergagnon folds
ibnfishin folds
DrazzicEhv raises to 150
Player1 folds
5oHot folds
Uncalled bet of 100 returned to DrazzicEhv
DrazzicEhv mucks
DrazzicEhv wins the pot (125)
*** SUMMARY ***
Duration 38s
Total pot 125 | Rake 0
Seat 1: gamblergagnon didn't bet (folded)
Seat 2: ibnfishin didn't bet (folded)
Seat 3: DrazzicEhv (button) collected (125)
Seat 4: Player1 (small blind) folded before the Flop
Seat 5: 5oHot (big blind) folded before the Flop
Seat 6: fearbigred1222 didn't bet (folded)
Seat 7: mdefilip didn't bet (folded)
Seat 8: Arnz18 didn't bet (folded)
Seat 9: betteratgolf22 didn't bet (folded)


******************** # 39 ************************

FullTiltPoker Game #26541235383: MiniFTOPS Main Event (190775720), Table 1517 - 25/50 - No Limit Hold'em - 17:44:21 ET - 2010/12/19

Seat 1: gamblergagnon (4,935)
Seat 2: ibnfishin (7,325)
Seat 3: DrazzicEhv (7,745)
Seat 4: Player1 (10,355)
Seat 5: 5oHot (8,970)
Seat 6: fearbigred1222 (7,180)
Seat 7: mdefilip (9,370)
Seat 8: Arnz18 (8,515)
Seat 9: betteratgolf22 (7,630)
5oHot posts the small blind of 25
fearbigred1222 posts the big blind of 50
The button is in seat #4
*** HOLE CARDS ***
Dealt to Player1 [Qc 7d]
mdefilip folds
Arnz18 folds
betteratgolf22 has 15 seconds left to act
betteratgolf22 folds
gamblergagnon has 15 seconds left to act
gamblergagnon folds
ibnfishin has 15 seconds left to act
ibnfishin folds
DrazzicEhv folds
Player1 folds
5oHot folds
Uncalled bet of 25 returned to fearbigred1222
fearbigred1222 mucks
fearbigred1222 wins the pot (50)
*** SUMMARY ***
Duration 48s
Total pot 50 | Rake 0
Seat 1: gamblergagnon didn't bet (folded)
Seat 2: ibnfishin didn't bet (folded)
Seat 3: DrazzicEhv didn't bet (folded)
Seat 4: Player1 (button) didn't bet (folded)
Seat 5: 5oHot (small blind) folded before the Flop
Seat 6: fearbigred1222 (big blind) collected (50)
Seat 7: mdefilip didn't bet (folded)
Seat 8: Arnz18 didn't bet (folded)
Seat 9: betteratgolf22 didn't bet (folded)


******************** # 40 ************************

FullTiltPoker Game #26541261568: MiniFTOPS Main Event (190775720), Table 1517 - 25/50 - No Limit Hold'em - 17:45:10 ET - 2010/12/19

Seat 1: gamblergagnon (4,935)
Seat 2: ibnfishin (7,325)
Seat 3: DrazzicEhv (7,745)
Seat 4: Player1 (10,355)
Seat 5: 5oHot (8,945)
Seat 6: fearbigred1222 (7,205)
Seat 7: mdefilip (9,370)
Seat 8: Arnz18 (8,515)
Seat 9: betteratgolf22 (7,630)
fearbigred1222 posts the small blind of 25
mdefilip posts the big blind of 50
The button is in seat #5
*** HOLE CARDS ***
Dealt to Player1 [3s 2h]
Arnz18 folds
betteratgolf22 folds
gamblergagnon has 15 seconds left to act
gamblergagnon has requested TIME
gamblergagnon raises to 120
ibnfishin folds
DrazzicEhv folds
Player1 folds
5oHot folds
fearbigred1222 folds
mdefilip folds
Uncalled bet of 70 returned to gamblergagnon
gamblergagnon mucks
gamblergagnon wins the pot (125)
*** SUMMARY ***
Duration 47s
Total pot 125 | Rake 0
Seat 1: gamblergagnon collected (125)
Seat 2: ibnfishin didn't bet (folded)
Seat 3: DrazzicEhv didn't bet (folded)
Seat 4: Player1 didn't bet (folded)
Seat 5: 5oHot (button) didn't bet (folded)
Seat 6: fearbigred1222 (small blind) folded before the Flop
Seat 7: mdefilip (big blind) folded before the Flop
Seat 8: Arnz18 didn't bet (folded)
Seat 9: betteratgolf22 didn't bet (folded)


******************** # 41 ************************

FullTiltPoker Game #26541286989: MiniFTOPS Main Event (190775720), Table 1517 - 25/50 - No Limit Hold'em - 17:45:58 ET - 2010/12/19

Seat 1: gamblergagnon (5,010)
Seat 2: ibnfishin (7,325)
Seat 3: DrazzicEhv (7,745)
Seat 4: Player1 (10,355)
Seat 5: 5oHot (8,945)
Seat 6: fearbigred1222 (7,180)
Seat 7: mdefilip (9,320)
Seat 8: Arnz18 (8,515)
Seat 9: betteratgolf22 (7,630)
mdefilip posts the small blind of 25
Arnz18 posts the big blind of 50
The button is in seat #6
*** HOLE CARDS ***
Dealt to Player1 [7d 2h]
betteratgolf22 has 15 seconds left to act
betteratgolf22 raises to 150
gamblergagnon folds
ibnfishin folds
DrazzicEhv has 15 seconds left to act
DrazzicEhv folds
Player1 folds
5oHot folds
fearbigred1222 calls 150
mdefilip folds
Arnz18 folds
*** FLOP *** [9c 3c 9s]
betteratgolf22 checks
fearbigred1222 checks
*** TURN *** [9c 3c 9s] [6s]
betteratgolf22 checks
fearbigred1222 checks
*** RIVER *** [9c 3c 9s 6s] [7s]
betteratgolf22 has 15 seconds left to act
gamblergagnon has been disconnected
betteratgolf22 bets 225
fearbigred1222 folds
Uncalled bet of 225 returned to betteratgolf22
betteratgolf22 mucks
betteratgolf22 wins the pot (375)
*** SUMMARY ***
Duration 89s
Total pot 375 | Rake 0
Board: [9c 3c 9s 6s 7s]
Seat 1: gamblergagnon didn't bet (folded)
Seat 2: ibnfishin didn't bet (folded)
Seat 3: DrazzicEhv didn't bet (folded)
Seat 4: Player1 didn't bet (folded)
Seat 5: 5oHot didn't bet (folded)
Seat 6: fearbigred1222 (button) folded on the River
Seat 7: mdefilip (small blind) folded before the Flop
Seat 8: Arnz18 (big blind) folded before the Flop
Seat 9: betteratgolf22 collected (375)


******************** # 42 ************************

FullTiltPoker Game #26541335476: MiniFTOPS Main Event (190775720), Table 1517 - 25/50 - No Limit Hold'em - 17:47:27 ET - 2010/12/19

Seat 1: gamblergagnon (5,010)
Seat 2: ibnfishin (7,325)
Seat 3: DrazzicEhv (7,745)
Seat 4: Player1 (10,355)
Seat 5: 5oHot (8,945)
Seat 6: fearbigred1222 (7,030)
Seat 7: mdefilip (9,295)
Seat 8: Arnz18 (8,465)
Seat 9: betteratgolf22 (7,855)
Arnz18 posts the small blind of 25
betteratgolf22 posts the big blind of 50
The button is in seat #7
*** HOLE CARDS ***
Dealt to Player1 [Ad Kc]
gamblergagnon has 15 seconds left to act
gamblergagnon has timed out
gamblergagnon folds
ibnfishin folds
DrazzicEhv folds
Player1 raises to 175
5oHot folds
fearbigred1222 calls 175
mdefilip folds
Arnz18 folds
betteratgolf22 folds
*** FLOP *** [7c Td 6s]
Player1 bets 180
fearbigred1222 calls 180
*** TURN *** [7c Td 6s] [Jc]
Player1 bets 180
fearbigred1222 raises to 550
Player1 has 15 seconds left to act
Player1 folds
Uncalled bet of 370 returned to fearbigred1222
fearbigred1222 mucks
fearbigred1222 wins the pot (1,145)
*** SUMMARY ***
Duration 71s
Total pot 1,145 | Rake 0
Board: [7c Td 6s Jc]
Seat 1: gamblergagnon didn't bet (folded)
Seat 2: ibnfishin didn't bet (folded)
Seat 3: DrazzicEhv didn't bet (folded)
Seat 4: Player1 folded on the Turn
Seat 5: 5oHot didn't bet (folded)
Seat 6: fearbigred1222 collected (1,145)
Seat 7: mdefilip (button) didn't bet (folded)
Seat 8: Arnz18 (small blind) folded before the Flop
Seat 9: betteratgolf22 (big blind) folded before the Flop


******************** # 43 ************************

FullTiltPoker Game #26541374359: MiniFTOPS Main Event (190775720), Table 1517 - 25/50 - No Limit Hold'em - 17:48:39 ET - 2010/12/19

Seat 1: gamblergagnon (5,010), is sitting out
Seat 2: ibnfishin (7,325)
Seat 3: DrazzicEhv (7,745)
Seat 4: Player1 (9,820)
Seat 5: 5oHot (8,945)
Seat 6: fearbigred1222 (7,640)
Seat 7: mdefilip (9,295)
Seat 8: Arnz18 (8,440)
Seat 9: betteratgolf22 (7,805)
betteratgolf22 posts the small blind of 25
gamblergagnon posts the big blind of 50
The button is in seat #8
*** HOLE CARDS ***
Dealt to Player1 [3c Th]
ibnfishin folds
DrazzicEhv folds
Player1 folds
5oHot raises to 200
fearbigred1222 folds
mdefilip calls 200
Arnz18 folds
betteratgolf22 has 15 seconds left to act
betteratgolf22 calls 175
gamblergagnon folds
*** FLOP *** [3s 6s Ah]
betteratgolf22 checks
5oHot checks
mdefilip checks
*** TURN *** [3s 6s Ah] [2d]
betteratgolf22 checks
5oHot bets 200
mdefilip folds
betteratgolf22 folds
Uncalled bet of 200 returned to 5oHot
5oHot mucks
5oHot wins the pot (650)
*** SUMMARY ***
Duration 70s
Total pot 650 | Rake 0
Board: [3s 6s Ah 2d]
Seat 1: gamblergagnon (big blind) folded before the Flop
Seat 2: ibnfishin didn't bet (folded)
Seat 3: DrazzicEhv didn't bet (folded)
Seat 4: Player1 didn't bet (folded)
Seat 5: 5oHot collected (650)
Seat 6: fearbigred1222 didn't bet (folded)
Seat 7: mdefilip folded on the Turn
Seat 8: Arnz18 (button) didn't bet (folded)
Seat 9: betteratgolf22 (small blind) folded on the Turn


******************** # 44 ************************

FullTiltPoker Game #26541412403: MiniFTOPS Main Event (190775720), Table 1517 - 25/50 - No Limit Hold'em - 17:49:50 ET - 2010/12/19

Seat 1: gamblergagnon (4,960), is sitting out
Seat 2: ibnfishin (7,325)
Seat 3: DrazzicEhv (7,745)
Seat 4: Player1 (9,820)
Seat 5: 5oHot (9,395)
Seat 6: fearbigred1222 (7,640)
Seat 7: mdefilip (9,095)
Seat 8: Arnz18 (8,440)
Seat 9: betteratgolf22 (7,605)
gamblergagnon posts the small blind of 25
ibnfishin posts the big blind of 50
The button is in seat #9
*** HOLE CARDS ***
Dealt to Player1 [4d 9c]
DrazzicEhv folds
Player1 folds
5oHot folds
fearbigred1222 folds
mdefilip has 15 seconds left to act
mdefilip raises to 150
Arnz18 folds
betteratgolf22 calls 150
gamblergagnon folds
ibnfishin folds
*** FLOP *** [3h Td 2d]
mdefilip has 15 seconds left to act
mdefilip bets 185
betteratgolf22 folds
Uncalled bet of 185 returned to mdefilip
mdefilip mucks
mdefilip wins the pot (375)
*** SUMMARY ***
Duration 63s
Total pot 375 | Rake 0
Board: [3h Td 2d]
Seat 1: gamblergagnon (small blind) folded before the Flop
Seat 2: ibnfishin (big blind) folded before the Flop
Seat 3: DrazzicEhv didn't bet (folded)
Seat 4: Player1 didn't bet (folded)
Seat 5: 5oHot didn't bet (folded)
Seat 6: fearbigred1222 didn't bet (folded)
Seat 7: mdefilip collected (375)
Seat 8: Arnz18 didn't bet (folded)
Seat 9: betteratgolf22 (button) folded on the Flop


******************** # 45 ************************

FullTiltPoker Game #26541446405: MiniFTOPS Main Event (190775720), Table 1517 - 25/50 - No Limit Hold'em - 17:50:53 ET - 2010/12/19

Seat 1: gamblergagnon (4,935), is sitting out
Seat 2: ibnfishin (7,275)
Seat 3: DrazzicEhv (7,745)
Seat 4: Player1 (9,820)
Seat 5: 5oHot (9,395)
Seat 6: fearbigred1222 (7,640)
Seat 7: mdefilip (9,320)
Seat 8: Arnz18 (8,440)
Seat 9: betteratgolf22 (7,455)
ibnfishin posts the small blind of 25
DrazzicEhv posts the big blind of 50
The button is in seat #1
*** HOLE CARDS ***
Dealt to Player1 [2s Jc]
Player1 folds
5oHot has 15 seconds left to act
5oHot folds
fearbigred1222 folds
mdefilip folds
Arnz18 folds
betteratgolf22 folds
gamblergagnon folds
ibnfishin has 15 seconds left to act
ibnfishin calls 25
DrazzicEhv raises to 150
gamblergagnon has reconnected
ibnfishin has 15 seconds left to act
ibnfishin calls 100
*** FLOP *** [Th 2c 5d]
ibnfishin checks
DrazzicEhv bets 200
ibnfishin folds
Uncalled bet of 200 returned to DrazzicEhv
DrazzicEhv mucks
DrazzicEhv wins the pot (300)
*** SUMMARY ***
Duration 73s
Total pot 300 | Rake 0
Board: [Th 2c 5d]
Seat 1: gamblergagnon (button) didn't bet (folded)
Seat 2: ibnfishin (small blind) folded on the Flop
Seat 3: DrazzicEhv (big blind) collected (300)
Seat 4: Player1 didn't bet (folded)
Seat 5: 5oHot didn't bet (folded)
Seat 6: fearbigred1222 didn't bet (folded)
Seat 7: mdefilip didn't bet (folded)
Seat 8: Arnz18 didn't bet (folded)
Seat 9: betteratgolf22 didn't bet (folded)


******************** # 46 ************************

FullTiltPoker Game #26541485294: MiniFTOPS Main Event (190775720), Table 1517 - 30/60 - No Limit Hold'em - 17:52:07 ET - 2010/12/19

Seat 1: gamblergagnon (4,935)
Seat 2: ibnfishin (7,125)
Seat 3: DrazzicEhv (7,895)
Seat 4: Player1 (9,820)
Seat 5: 5oHot (9,395)
Seat 6: fearbigred1222 (7,640)
Seat 7: mdefilip (9,320)
Seat 8: Arnz18 (8,440)
Seat 9: betteratgolf22 (7,455)
DrazzicEhv posts the small blind of 30
Player1 posts the big blind of 60
The button is in seat #2
*** HOLE CARDS ***
Dealt to Player1 [Qs 6d]
5oHot folds
fearbigred1222 calls 60
mdefilip folds
Arnz18 folds
betteratgolf22 calls 60
gamblergagnon folds
ibnfishin calls 60
DrazzicEhv calls 30
Player1 checks
*** FLOP *** [2c 4s 2d]
DrazzicEhv checks
Player1 checks
fearbigred1222 checks
betteratgolf22 checks
ibnfishin checks
*** TURN *** [2c 4s 2d] [Ts]
DrazzicEhv bets 210
Player1 folds
fearbigred1222 folds
betteratgolf22 folds
ibnfishin calls 210
*** RIVER *** [2c 4s 2d Ts] [9c]
DrazzicEhv checks
ibnfishin has 15 seconds left to act
ibnfishin bets 400
DrazzicEhv calls 400
*** SHOW DOWN ***
ibnfishin shows [Qc Tc] two pair, Tens and Twos
DrazzicEhv mucks
ibnfishin wins the pot (1,520) with two pair, Tens and Twos
*** SUMMARY ***
Duration 84s
Total pot 1,520 | Rake 0
Board: [2c 4s 2d Ts 9c]
Seat 1: gamblergagnon didn't bet (folded)
Seat 2: ibnfishin (button) showed [Qc Tc] and won (1,520) with two pair, Tens and Twos
Seat 3: DrazzicEhv (small blind) mucked [9s 6s] - two pair, Nines and Twos
Seat 4: Player1 (big blind) folded on the Turn
Seat 5: 5oHot didn't bet (folded)
Seat 6: fearbigred1222 folded on the Turn
Seat 7: mdefilip didn't bet (folded)
Seat 8: Arnz18 didn't bet (folded)
Seat 9: betteratgolf22 folded on the Turn


******************** # 47 ************************

FullTiltPoker Game #26541530469: MiniFTOPS Main Event (190775720), Table 1517 - 30/60 - No Limit Hold'em - 17:53:32 ET - 2010/12/19

Seat 1: gamblergagnon (4,935)
Seat 2: ibnfishin (7,975)
Seat 3: DrazzicEhv (7,225)
Seat 4: Player1 (9,760)
Seat 5: 5oHot (9,395)
Seat 6: fearbigred1222 (7,580)
Seat 7: mdefilip (9,320)
Seat 8: Arnz18 (8,440)
Seat 9: betteratgolf22 (7,395)
Player1 posts the small blind of 30
5oHot posts the big blind of 60
The button is in seat #3
*** HOLE CARDS ***
Dealt to Player1 [Jc 5h]
fearbigred1222 folds
mdefilip has 15 seconds left to act
mdefilip folds
Arnz18 folds
betteratgolf22 folds
gamblergagnon folds
ibnfishin folds
DrazzicEhv folds
Player1 folds
Uncalled bet of 30 returned to 5oHot
5oHot mucks
5oHot wins the pot (60)
*** SUMMARY ***
Duration 21s
Total pot 60 | Rake 0
Seat 1: gamblergagnon didn't bet (folded)
Seat 2: ibnfishin didn't bet (folded)
Seat 3: DrazzicEhv (button) didn't bet (folded)
Seat 4: Player1 (small blind) folded before the Flop
Seat 5: 5oHot (big blind) collected (60)
Seat 6: fearbigred1222 didn't bet (folded)
Seat 7: mdefilip didn't bet (folded)
Seat 8: Arnz18 didn't bet (folded)
Seat 9: betteratgolf22 didn't bet (folded)


******************** # 48 ************************

FullTiltPoker Game #26541541896: MiniFTOPS Main Event (190775720), Table 1517 - 30/60 - No Limit Hold'em - 17:53:53 ET - 2010/12/19

Seat 1: gamblergagnon (4,935)
Seat 2: ibnfishin (7,975)
Seat 3: DrazzicEhv (7,225)
Seat 4: Player1 (9,730)
Seat 5: 5oHot (9,425)
Seat 6: fearbigred1222 (7,580)
Seat 7: mdefilip (9,320)
Seat 8: Arnz18 (8,440)
Seat 9: betteratgolf22 (7,395)
5oHot posts the small blind of 30
fearbigred1222 posts the big blind of 60
The button is in seat #4
*** HOLE CARDS ***
Dealt to Player1 [2d Kd]
mdefilip folds
Arnz18 folds
betteratgolf22 has 15 seconds left to act
betteratgolf22 raises to 180
gamblergagnon raises to 420
ibnfishin folds
DrazzicEhv folds
Player1 folds
5oHot folds
fearbigred1222 folds
betteratgolf22 has 15 seconds left to act
betteratgolf22 calls 240
*** FLOP *** [6c 7c 6d]
betteratgolf22 checks
gamblergagnon has 15 seconds left to act
gamblergagnon bets 465
betteratgolf22 has 15 seconds left to act
betteratgolf22 has requested TIME
betteratgolf22 calls 465
*** TURN *** [6c 7c 6d] [9d]
betteratgolf22 has 15 seconds left to act
betteratgolf22 checks
gamblergagnon bets 930
betteratgolf22 calls 930
*** RIVER *** [6c 7c 6d 9d] [2c]
betteratgolf22 has 15 seconds left to act
betteratgolf22 has requested TIME
betteratgolf22 checks
gamblergagnon bets 3,120, and is all in
betteratgolf22 has 15 seconds left to act
betteratgolf22 calls 3,120
*** SHOW DOWN ***
gamblergagnon shows [Ac Kc] a flush, Ace high
betteratgolf22 mucks
gamblergagnon wins the pot (9,960) with a flush, Ace high
*** SUMMARY ***
Duration 179s
Total pot 9,960 | Rake 0
Board: [6c 7c 6d 9d 2c]
Seat 1: gamblergagnon showed [Ac Kc] and won (9,960) with a flush, Ace high
Seat 2: ibnfishin didn't bet (folded)
Seat 3: DrazzicEhv didn't bet (folded)
Seat 4: Player1 (button) didn't bet (folded)
Seat 5: 5oHot (small blind) folded before the Flop
Seat 6: fearbigred1222 (big blind) folded before the Flop
Seat 7: mdefilip didn't bet (folded)
Seat 8: Arnz18 didn't bet (folded)
Seat 9: betteratgolf22 mucked [Qc Jc] - a flush, Queen high


******************** # 49 ************************

FullTiltPoker Game #26541764818: MiniFTOPS Main Event (190775720), Table 1517 - 30/60 - No Limit Hold'em - 18:03:17 ET - 2010/12/19

Seat 1: gamblergagnon (9,960)
Seat 2: ibnfishin (7,975)
Seat 3: DrazzicEhv (7,225)
Seat 4: Player1 (9,730)
Seat 5: 5oHot (9,395)
Seat 6: fearbigred1222 (7,520)
Seat 7: mdefilip (9,320)
Seat 8: Arnz18 (8,440)
Seat 9: betteratgolf22 (2,460)
fearbigred1222 posts the small blind of 30
mdefilip posts the big blind of 60
The button is in seat #5
*** HOLE CARDS ***
Dealt to Player1 [Td 2c]
Arnz18 folds
betteratgolf22 folds
gamblergagnon has 15 seconds left to act
gamblergagnon folds
ibnfishin folds
DrazzicEhv folds
Player1 has 15 seconds left to act
Player1 folds
5oHot folds
fearbigred1222 folds
Uncalled bet of 30 returned to mdefilip
mdefilip mucks
mdefilip wins the pot (60)
*** SUMMARY ***
Duration 46s
Total pot 60 | Rake 0
Seat 1: gamblergagnon didn't bet (folded)
Seat 2: ibnfishin didn't bet (folded)
Seat 3: DrazzicEhv didn't bet (folded)
Seat 4: Player1 didn't bet (folded)
Seat 5: 5oHot (button) didn't bet (folded)
Seat 6: fearbigred1222 (small blind) folded before the Flop
Seat 7: mdefilip (big blind) collected (60)
Seat 8: Arnz18 didn't bet (folded)
Seat 9: betteratgolf22 didn't bet (folded)


******************** # 50 ************************

FullTiltPoker Game #26541787425: MiniFTOPS Main Event (190775720), Table 1517 - 30/60 - No Limit Hold'em - 18:04:03 ET - 2010/12/19

Seat 1: gamblergagnon (9,960)
Seat 2: ibnfishin (7,975)
Seat 3: DrazzicEhv (7,225)
Seat 4: Player1 (9,730)
Seat 5: 5oHot (9,395)
Seat 6: fearbigred1222 (7,490)
Seat 7: mdefilip (9,350)
Seat 8: Arnz18 (8,440)
Seat 9: betteratgolf22 (2,460)
mdefilip posts the small blind of 30
Arnz18 posts the big blind of 60
The button is in seat #6
*** HOLE CARDS ***
Dealt to Player1 [Jd 8h]
betteratgolf22 raises to 2,460, and is all in
gamblergagnon folds
ibnfishin calls 2,460
DrazzicEhv folds
Player1 has 15 seconds left to act
Player1 has timed out
Player1 folds
5oHot folds
fearbigred1222 folds
mdefilip has 15 seconds left to act
mdefilip folds
Arnz18 folds
betteratgolf22 shows [5h 5d]
ibnfishin shows [Ah Kh]
*** FLOP *** [9d 8d 9c]
*** TURN *** [9d 8d 9c] [Qd]
*** RIVER *** [9d 8d 9c Qd] [6c]
betteratgolf22 shows two pair, Nines and Fives
ibnfishin shows a pair of Nines
betteratgolf22 wins the pot (5,010) with two pair, Nines and Fives
*** SUMMARY ***
Duration 71s
Total pot 5,010 | Rake 0
Board: [9d 8d 9c Qd 6c]
Seat 1: gamblergagnon didn't bet (folded)
Seat 2: ibnfishin showed [Ah Kh] and lost with a pair of Nines
Seat 3: DrazzicEhv didn't bet (folded)
Seat 4: Player1 didn't bet (folded)
Seat 5: 5oHot didn't bet (folded)
Seat 6: fearbigred1222 (button) didn't bet (folded)
Seat 7: mdefilip (small blind) folded before the Flop
Seat 8: Arnz18 (big blind) folded before the Flop
Seat 9: betteratgolf22 showed [5h 5d] and won (5,010) with two pair, Nines and Fives


******************** # 51 ************************

FullTiltPoker Game #26541824077: MiniFTOPS Main Event (190775720), Table 1517 - 30/60 - No Limit Hold'em - 18:05:15 ET - 2010/12/19

Seat 1: gamblergagnon (9,960)
Seat 2: ibnfishin (5,515)
Seat 3: DrazzicEhv (7,225)
Seat 4: Player1 (9,730)
Seat 5: 5oHot (9,395)
Seat 6: fearbigred1222 (7,490)
Seat 7: mdefilip (9,320)
Seat 8: Arnz18 (8,380)
Seat 9: betteratgolf22 (5,010)
Arnz18 posts the small blind of 30
betteratgolf22 posts the big blind of 60
The button is in seat #7
*** HOLE CARDS ***
Dealt to Player1 [6h 6c]
gamblergagnon has 15 seconds left to act
gamblergagnon folds
ibnfishin folds
DrazzicEhv raises to 180
Player1 folds
5oHot folds
fearbigred1222 folds
mdefilip calls 180
Arnz18 folds
betteratgolf22 folds
*** FLOP *** [3h Ad Ts]
DrazzicEhv bets 360
mdefilip folds
Uncalled bet of 360 returned to DrazzicEhv
DrazzicEhv mucks
DrazzicEhv wins the pot (450)
*** SUMMARY ***
Duration 39s
Total pot 450 | Rake 0
Board: [3h Ad Ts]
Seat 1: gamblergagnon didn't bet (folded)
Seat 2: ibnfishin didn't bet (folded)
Seat 3: DrazzicEhv collected (450)
Seat 4: Player1 didn't bet (folded)
Seat 5: 5oHot didn't bet (folded)
Seat 6: fearbigred1222 didn't bet (folded)
Seat 7: mdefilip (button) folded on the Flop
Seat 8: Arnz18 (small blind) folded before the Flop
Seat 9: betteratgolf22 (big blind) folded before the Flop


******************** # 52 ************************

FullTiltPoker Game #26541844143: MiniFTOPS Main Event (190775720), Table 1517 - 30/60 - No Limit Hold'em - 18:05:54 ET - 2010/12/19

Seat 1: gamblergagnon (9,960)
Seat 2: ibnfishin (5,515)
Seat 3: DrazzicEhv (7,495)
Seat 4: Player1 (9,730)
Seat 5: 5oHot (9,395)
Seat 6: fearbigred1222 (7,490)
Seat 7: mdefilip (9,140)
Seat 8: Arnz18 (8,350)
Seat 9: betteratgolf22 (4,950)
betteratgolf22 posts the small blind of 30
gamblergagnon posts the big blind of 60
The button is in seat #8
*** HOLE CARDS ***
Dealt to Player1 [8d 4s]
ibnfishin folds
DrazzicEhv folds
Player1 has 15 seconds left to act
Player1 folds
5oHot folds
fearbigred1222 folds
mdefilip raises to 180
Arnz18 folds
betteratgolf22 folds
gamblergagnon has 15 seconds left to act
gamblergagnon calls 120
*** FLOP *** [Kh Kd Js]
gamblergagnon has 15 seconds left to act
gamblergagnon bets 210
mdefilip has 15 seconds left to act
mdefilip folds
Uncalled bet of 210 returned to gamblergagnon
gamblergagnon mucks
gamblergagnon wins the pot (390)
*** SUMMARY ***
Duration 76s
Total pot 390 | Rake 0
Board: [Kh Kd Js]
Seat 1: gamblergagnon (big blind) collected (390)
Seat 2: ibnfishin didn't bet (folded)
Seat 3: DrazzicEhv didn't bet (folded)
Seat 4: Player1 didn't bet (folded)
Seat 5: 5oHot didn't bet (folded)
Seat 6: fearbigred1222 didn't bet (folded)
Seat 7: mdefilip folded on the Flop
Seat 8: Arnz18 (button) didn't bet (folded)
Seat 9: betteratgolf22 (small blind) folded before the Flop


******************** # 53 ************************

FullTiltPoker Game #26541883421: MiniFTOPS Main Event (190775720), Table 1517 - 30/60 - No Limit Hold'em - 18:07:10 ET - 2010/12/19

Seat 1: gamblergagnon (10,170)
Seat 2: ibnfishin (5,515)
Seat 3: DrazzicEhv (7,495)
Seat 4: Player1 (9,730)
Seat 5: 5oHot (9,395)
Seat 6: fearbigred1222 (7,490)
Seat 7: mdefilip (8,960)
Seat 8: Arnz18 (8,350)
Seat 9: betteratgolf22 (4,920)
gamblergagnon posts the small blind of 30
ibnfishin posts the big blind of 60
The button is in seat #9
*** HOLE CARDS ***
Dealt to Player1 [4d 6c]
DrazzicEhv folds
5oHot has been disconnected
Player1 has 15 seconds left to act
Player1 folds
5oHot has 15 seconds left to act
5oHot has timed out
5oHot folds
fearbigred1222 calls 60
mdefilip folds
Arnz18 has 15 seconds left to act
Arnz18 raises to 240
betteratgolf22 folds
gamblergagnon has 15 seconds left to act
gamblergagnon folds
ibnfishin folds
fearbigred1222 calls 180
*** FLOP *** [4c 5s Th]
5oHot has reconnected
fearbigred1222 checks
Arnz18 has 15 seconds left to act
Arnz18 bets 360
fearbigred1222 folds
Uncalled bet of 360 returned to Arnz18
Arnz18 mucks
Arnz18 wins the pot (570)
*** SUMMARY ***
Duration 117s
Total pot 570 | Rake 0
Board: [4c 5s Th]
Seat 1: gamblergagnon (small blind) folded before the Flop
Seat 2: ibnfishin (big blind) folded before the Flop
Seat 3: DrazzicEhv didn't bet (folded)
Seat 4: Player1 didn't bet (folded)
Seat 5: 5oHot didn't bet (folded)
Seat 6: fearbigred1222 folded on the Flop
Seat 7: mdefilip didn't bet (folded)
Seat 8: Arnz18 collected (570)
Seat 9: betteratgolf22 (button) didn't bet (folded)


******************** # 54 ************************

FullTiltPoker Game #26541943817: MiniFTOPS Main Event (190775720), Table 1517 - 30/60 - No Limit Hold'em - 18:09:08 ET - 2010/12/19

Seat 1: gamblergagnon (10,140)
Seat 2: ibnfishin (5,455)
Seat 3: DrazzicEhv (7,495)
Seat 4: Player1 (9,730)
Seat 5: 5oHot (9,395)
Seat 6: fearbigred1222 (7,250)
Seat 7: mdefilip (8,960)
Seat 8: Arnz18 (8,680)
Seat 9: betteratgolf22 (4,920)
ibnfishin posts the small blind of 30
DrazzicEhv posts the big blind of 60
The button is in seat #1
*** HOLE CARDS ***
Dealt to Player1 [5d 3s]
Player1 folds
5oHot folds
fearbigred1222 calls 60
mdefilip folds
Arnz18 folds
betteratgolf22 folds
gamblergagnon has 15 seconds left to act
gamblergagnon calls 60
5oHot has been disconnected
ibnfishin calls 30
5oHot has reconnected
DrazzicEhv has 15 seconds left to act
DrazzicEhv checks
*** FLOP *** [7h Qd 8c]
ibnfishin checks
DrazzicEhv has 15 seconds left to act
DrazzicEhv bets 190
fearbigred1222 calls 190
gamblergagnon has 15 seconds left to act
gamblergagnon raises to 490
ibnfishin folds
DrazzicEhv folds
fearbigred1222 has 15 seconds left to act
fearbigred1222 calls 300
*** TURN *** [7h Qd 8c] [5s]
fearbigred1222 checks
gamblergagnon has 15 seconds left to act
gamblergagnon checks
*** RIVER *** [7h Qd 8c 5s] [Js]
fearbigred1222 has 15 seconds left to act
fearbigred1222 bets 6,700, and is all in
gamblergagnon has 15 seconds left to act
gamblergagnon folds
Uncalled bet of 6,700 returned to fearbigred1222
fearbigred1222 mucks
fearbigred1222 wins the pot (1,410)
*** SUMMARY ***
Duration 148s
Total pot 1,410 | Rake 0
Board: [7h Qd 8c 5s Js]
Seat 1: gamblergagnon (button) folded on the River
Seat 2: ibnfishin (small blind) folded on the Flop
Seat 3: DrazzicEhv (big blind) folded on the Flop
Seat 4: Player1 didn't bet (folded)
Seat 5: 5oHot didn't bet (folded)
Seat 6: fearbigred1222 collected (1,410)
Seat 7: mdefilip didn't bet (folded)
Seat 8: Arnz18 didn't bet (folded)
Seat 9: betteratgolf22 didn't bet (folded)


******************** # 55 ************************

FullTiltPoker Game #26542019372: MiniFTOPS Main Event (190775720), Table 1517 - 30/60 - No Limit Hold'em - 18:11:36 ET - 2010/12/19

Seat 1: gamblergagnon (9,590)
Seat 2: ibnfishin (5,395)
Seat 3: DrazzicEhv (7,245)
Seat 4: Player1 (9,730)
Seat 5: 5oHot (9,395)
Seat 6: fearbigred1222 (8,110)
Seat 7: mdefilip (8,960)
Seat 8: Arnz18 (8,680)
Seat 9: betteratgolf22 (4,920)
DrazzicEhv posts the small blind of 30
Player1 posts the big blind of 60
The button is in seat #2
*** HOLE CARDS ***
Dealt to Player1 [4c 3h]
5oHot folds
fearbigred1222 calls 60
mdefilip has 15 seconds left to act
mdefilip folds
Arnz18 folds
betteratgolf22 folds
gamblergagnon has 15 seconds left to act
gamblergagnon folds
Player1 has been disconnected
ibnfishin folds
DrazzicEhv folds
Player1 has 15 seconds left to act
Player1 has reconnected
Player1 has 15 seconds left to act
Player1 has been disconnected
Player1 has reconnected
Player1 has 15 seconds left to act
Player1 checks
*** FLOP *** [Qs 7s Qd]
Player1 checks
fearbigred1222 has 15 seconds left to act
fearbigred1222 checks
*** TURN *** [Qs 7s Qd] [5c]
Player1 checks
fearbigred1222 bets 180
Player1 folds
Uncalled bet of 180 returned to fearbigred1222
fearbigred1222 mucks
fearbigred1222 wins the pot (150)
*** SUMMARY ***
Duration 93s
Total pot 150 | Rake 0
Board: [Qs 7s Qd 5c]
Seat 1: gamblergagnon didn't bet (folded)
Seat 2: ibnfishin (button) didn't bet (folded)
Seat 3: DrazzicEhv (small blind) folded before the Flop
Seat 4: Player1 (big blind) folded on the Turn
Seat 5: 5oHot didn't bet (folded)
Seat 6: fearbigred1222 collected (150)
Seat 7: mdefilip didn't bet (folded)
Seat 8: Arnz18 didn't bet (folded)
Seat 9: betteratgolf22 didn't bet (folded)


******************** # 56 ************************

FullTiltPoker Game #26542066676: MiniFTOPS Main Event (190775720), Table 1517 - 40/80 - No Limit Hold'em - 18:13:10 ET - 2010/12/19

Seat 1: gamblergagnon (9,590)
Seat 2: ibnfishin (5,395)
Seat 3: DrazzicEhv (7,215)
Seat 4: Player1 (9,670), is sitting out
Seat 5: 5oHot (9,395)
Seat 6: fearbigred1222 (8,200)
Seat 7: mdefilip (8,960)
Seat 8: Arnz18 (8,680)
Seat 9: betteratgolf22 (4,920)
Player1 posts the small blind of 40
5oHot posts the big blind of 80
The button is in seat #3
*** HOLE CARDS ***
Dealt to Player1 [8d Ks]
fearbigred1222 folds
mdefilip folds
Arnz18 folds
betteratgolf22 has 15 seconds left to act
betteratgolf22 raises to 255
gamblergagnon folds
ibnfishin calls 255
DrazzicEhv folds
Player1 has 15 seconds left to act
Player1 folds
5oHot folds
*** FLOP *** [Qs Td 8c]
betteratgolf22 checks
ibnfishin checks
*** TURN *** [Qs Td 8c] [Jd]
betteratgolf22 has 15 seconds left to act
betteratgolf22 checks
ibnfishin checks
*** RIVER *** [Qs Td 8c Jd] [Ah]
betteratgolf22 checks
ibnfishin checks
*** SHOW DOWN ***
betteratgolf22 shows [8s 5s] a pair of Eights
ibnfishin mucks
betteratgolf22 wins the pot (630) with a pair of Eights
*** SUMMARY ***
Duration 85s
Total pot 630 | Rake 0
Board: [Qs Td 8c Jd Ah]
Seat 1: gamblergagnon didn't bet (folded)
Seat 2: ibnfishin mucked [3d 3h] - a pair of Threes
Seat 3: DrazzicEhv (button) didn't bet (folded)
Seat 4: Player1 (small blind) folded before the Flop
Seat 5: 5oHot (big blind) folded before the Flop
Seat 6: fearbigred1222 didn't bet (folded)
Seat 7: mdefilip didn't bet (folded)
Seat 8: Arnz18 didn't bet (folded)
Seat 9: betteratgolf22 showed [8s 5s] and won (630) with a pair of Eights


******************** # 57 ************************

FullTiltPoker Game #26542110035: MiniFTOPS Main Event (190775720), Table 1517 - 40/80 - No Limit Hold'em - 18:14:36 ET - 2010/12/19

Seat 1: gamblergagnon (9,590)
Seat 2: ibnfishin (5,140)
Seat 3: DrazzicEhv (7,215)
Seat 4: Player1 (9,630)
Seat 5: 5oHot (9,315)
Seat 6: fearbigred1222 (8,200)
Seat 7: mdefilip (8,960)
Seat 8: Arnz18 (8,680)
Seat 9: betteratgolf22 (5,295)
5oHot posts the small blind of 40
fearbigred1222 posts the big blind of 80
The button is in seat #4
*** HOLE CARDS ***
Dealt to Player1 [Kc 5d]
mdefilip folds
Arnz18 folds
betteratgolf22 has 15 seconds left to act
betteratgolf22 raises to 235
gamblergagnon folds
ibnfishin folds
DrazzicEhv folds
Player1 folds
5oHot folds
fearbigred1222 folds
Uncalled bet of 155 returned to betteratgolf22
betteratgolf22 mucks
betteratgolf22 wins the pot (200)
*** SUMMARY ***
Duration 39s
Total pot 200 | Rake 0
Seat 1: gamblergagnon didn't bet (folded)
Seat 2: ibnfishin didn't bet (folded)
Seat 3: DrazzicEhv didn't bet (folded)
Seat 4: Player1 (button) didn't bet (folded)
Seat 5: 5oHot (small blind) folded before the Flop
Seat 6: fearbigred1222 (big blind) folded before the Flop
Seat 7: mdefilip didn't bet (folded)
Seat 8: Arnz18 didn't bet (folded)
Seat 9: betteratgolf22 collected (200)


******************** # 58 ************************

FullTiltPoker Game #26542130102: MiniFTOPS Main Event (190775720), Table 1517 - 40/80 - No Limit Hold'em - 18:15:15 ET - 2010/12/19

Seat 1: gamblergagnon (9,590)
Seat 2: ibnfishin (5,140)
Seat 3: DrazzicEhv (7,215)
Seat 4: Player1 (9,630)
Seat 5: 5oHot (9,275)
Seat 6: fearbigred1222 (8,120)
Seat 7: mdefilip (8,960)
Seat 8: Arnz18 (8,680)
Seat 9: betteratgolf22 (5,415)
fearbigred1222 posts the small blind of 40
mdefilip posts the big blind of 80
The button is in seat #5
*** HOLE CARDS ***
Dealt to Player1 [Ah 2c]
Arnz18 folds
betteratgolf22 folds
gamblergagnon folds
ibnfishin folds
Player1 has been disconnected
DrazzicEhv folds
Player1 has reconnected
Player1 has 15 seconds left to act
Player1 has been disconnected
Player1 folds
Player1 has reconnected
5oHot raises to 240
fearbigred1222 calls 200
mdefilip has 15 seconds left to act
mdefilip folds
*** FLOP *** [Th 8c 7s]
fearbigred1222 has 15 seconds left to act
fearbigred1222 checks
5oHot bets 240
fearbigred1222 folds
Uncalled bet of 240 returned to 5oHot
5oHot mucks
5oHot wins the pot (560)
*** SUMMARY ***
Duration 73s
Total pot 560 | Rake 0
Board: [Th 8c 7s]
Seat 1: gamblergagnon didn't bet (folded)
Seat 2: ibnfishin didn't bet (folded)
Seat 3: DrazzicEhv didn't bet (folded)
Seat 4: Player1 didn't bet (folded)
Seat 5: 5oHot (button) collected (560)
Seat 6: fearbigred1222 (small blind) folded on the Flop
Seat 7: mdefilip (big blind) folded before the Flop
Seat 8: Arnz18 didn't bet (folded)
Seat 9: betteratgolf22 didn't bet (folded)


******************** # 59 ************************

FullTiltPoker Game #26542167141: MiniFTOPS Main Event (190775720), Table 1517 - 40/80 - No Limit Hold'em - 18:16:29 ET - 2010/12/19

Seat 1: gamblergagnon (9,590)
Seat 2: ibnfishin (5,140)
Seat 3: DrazzicEhv (7,215)
Seat 4: Player1 (9,630)
Seat 5: 5oHot (9,595)
Seat 6: fearbigred1222 (7,880)
Seat 7: mdefilip (8,880)
Seat 8: Arnz18 (8,680)
Seat 9: betteratgolf22 (5,415)
mdefilip posts the small blind of 40
Arnz18 posts the big blind of 80
The button is in seat #6
*** HOLE CARDS ***
Dealt to Player1 [Ad 6h]
betteratgolf22 folds
gamblergagnon raises to 180
ibnfishin calls 180
DrazzicEhv calls 180
Player1 has 15 seconds left to act
Player1 folds
5oHot folds
fearbigred1222 calls 180
GOAHEADDRAWAA (Observer): squeeze?
mdefilip has 15 seconds left to act
mdefilip has timed out
mdefilip folds
Arnz18 calls 100
*** FLOP *** [3h 4s Qs]
Arnz18 checks
gamblergagnon checks
ibnfishin has 15 seconds left to act
ibnfishin bets 600
DrazzicEhv folds
fearbigred1222 folds
Arnz18 folds
gamblergagnon has 15 seconds left to act
gamblergagnon folds
Uncalled bet of 600 returned to ibnfishin
ibnfishin mucks
ibnfishin wins the pot (940)
*** SUMMARY ***
Duration 114s
Total pot 940 | Rake 0
Board: [3h 4s Qs]
Seat 1: gamblergagnon folded on the Flop
Seat 2: ibnfishin collected (940)
Seat 3: DrazzicEhv folded on the Flop
Seat 4: Player1 didn't bet (folded)
Seat 5: 5oHot didn't bet (folded)
Seat 6: fearbigred1222 (button) folded on the Flop
Seat 7: mdefilip (small blind) folded before the Flop
Seat 8: Arnz18 (big blind) folded on the Flop
Seat 9: betteratgolf22 didn't bet (folded)


******************** # 60 ************************

FullTiltPoker Game #26542224533: MiniFTOPS Main Event (190775720), Table 1517 - 40/80 - No Limit Hold'em - 18:18:23 ET - 2010/12/19

Seat 1: gamblergagnon (9,410)
Seat 2: ibnfishin (5,900)
Seat 3: DrazzicEhv (7,035)
Seat 4: Player1 (9,630)
Seat 5: 5oHot (9,595)
Seat 6: fearbigred1222 (7,700)
Seat 7: mdefilip (8,840)
Seat 8: Arnz18 (8,500)
Seat 9: betteratgolf22 (5,415)
Arnz18 posts the small blind of 40
betteratgolf22 posts the big blind of 80
The button is in seat #7
*** HOLE CARDS ***
Dealt to Player1 [7d 4s]
GOAHEADDRAWAA (Observer): nh
gamblergagnon raises to 180
ibnfishin calls 180
DrazzicEhv folds
Player1 folds
5oHot folds
fearbigred1222 calls 180
mdefilip folds
Arnz18 folds
betteratgolf22 calls 100
*** FLOP *** [Jh 8h Ts]
betteratgolf22 checks
gamblergagnon has 15 seconds left to act
gamblergagnon checks
ibnfishin checks
fearbigred1222 checks
*** TURN *** [Jh 8h Ts] [7c]
betteratgolf22 checks
gamblergagnon has 15 seconds left to act
gamblergagnon checks
ibnfishin has 15 seconds left to act
ibnfishin checks
fearbigred1222 has 15 seconds left to act
fearbigred1222 bets 800
betteratgolf22 folds
gamblergagnon folds
ibnfishin folds
Uncalled bet of 800 returned to fearbigred1222
fearbigred1222 mucks
fearbigred1222 wins the pot (760)
*** SUMMARY ***
Duration 97s
Total pot 760 | Rake 0
Board: [Jh 8h Ts 7c]
Seat 1: gamblergagnon folded on the Turn
Seat 2: ibnfishin folded on the Turn
Seat 3: DrazzicEhv didn't bet (folded)
Seat 4: Player1 didn't bet (folded)
Seat 5: 5oHot didn't bet (folded)
Seat 6: fearbigred1222 collected (760)
Seat 7: mdefilip (button) didn't bet (folded)
Seat 8: Arnz18 (small blind) folded before the Flop
Seat 9: betteratgolf22 (big blind) folded on the Turn


******************** # 61 ************************

FullTiltPoker Game #26542273805: MiniFTOPS Main Event (190775720), Table 1517 - 40/80 - No Limit Hold'em - 18:20:01 ET - 2010/12/19

Seat 1: gamblergagnon (9,230)
Seat 2: ibnfishin (5,720)
Seat 3: DrazzicEhv (7,035)
Seat 4: Player1 (9,630)
Seat 5: 5oHot (9,595)
Seat 6: fearbigred1222 (8,280)
Seat 7: mdefilip (8,840)
Seat 8: Arnz18 (8,460)
Seat 9: betteratgolf22 (5,235)
betteratgolf22 posts the small blind of 40
gamblergagnon posts the big blind of 80
The button is in seat #8
*** HOLE CARDS ***
Dealt to Player1 [5d Qs]
ibnfishin folds
DrazzicEhv folds
Player1 folds
5oHot folds
fearbigred1222 calls 80
mdefilip folds
Arnz18 has 15 seconds left to act
Arnz18 raises to 240
betteratgolf22 folds
gamblergagnon folds
fearbigred1222 calls 160
*** FLOP *** [2h Ts 6c]
fearbigred1222 bets 320
Arnz18 has 15 seconds left to act
Arnz18 raises to 1,040
fearbigred1222 calls 720
*** TURN *** [2h Ts 6c] [Ks]
fearbigred1222 checks
Arnz18 has 15 seconds left to act
Arnz18 bets 1,480
fearbigred1222 folds
Uncalled bet of 1,480 returned to Arnz18
Arnz18 mucks
Arnz18 wins the pot (2,680)
*** SUMMARY ***
Duration 91s
Total pot 2,680 | Rake 0
Board: [2h Ts 6c Ks]
Seat 1: gamblergagnon (big blind) folded before the Flop
Seat 2: ibnfishin didn't bet (folded)
Seat 3: DrazzicEhv didn't bet (folded)
Seat 4: Player1 didn't bet (folded)
Seat 5: 5oHot didn't bet (folded)
Seat 6: fearbigred1222 folded on the Turn
Seat 7: mdefilip didn't bet (folded)
Seat 8: Arnz18 (button) collected (2,680)
Seat 9: betteratgolf22 (small blind) folded before the Flop


******************** # 62 ************************

FullTiltPoker Game #26542320024: MiniFTOPS Main Event (190775720), Table 1517 - 40/80 - No Limit Hold'em - 18:21:33 ET - 2010/12/19

Seat 1: gamblergagnon (9,150)
Seat 2: ibnfishin (5,720)
Seat 3: DrazzicEhv (7,035)
Seat 4: Player1 (9,630)
Seat 5: 5oHot (9,595)
Seat 6: fearbigred1222 (7,000)
Seat 7: mdefilip (8,840)
Seat 8: Arnz18 (9,860)
Seat 9: betteratgolf22 (5,195)
gamblergagnon posts the small blind of 40
ibnfishin posts the big blind of 80
The button is in seat #9
*** HOLE CARDS ***
Dealt to Player1 [2d 2h]
DrazzicEhv folds
Player1 calls 80
5oHot folds
fearbigred1222 folds
mdefilip calls 80
Arnz18 folds
betteratgolf22 calls 80
gamblergagnon calls 40
ibnfishin checks
*** FLOP *** [Kc Kh 8d]
gamblergagnon has 15 seconds left to act
gamblergagnon bets 200
ibnfishin has 15 seconds left to act
ibnfishin folds
Player1 has 15 seconds left to act
Player1 folds
mdefilip folds
betteratgolf22 folds
Uncalled bet of 200 returned to gamblergagnon
gamblergagnon mucks
gamblergagnon wins the pot (400)
*** SUMMARY ***
Duration 60s
Total pot 400 | Rake 0
Board: [Kc Kh 8d]
Seat 1: gamblergagnon (small blind) collected (400)
Seat 2: ibnfishin (big blind) folded on the Flop
Seat 3: DrazzicEhv didn't bet (folded)
Seat 4: Player1 folded on the Flop
Seat 5: 5oHot didn't bet (folded)
Seat 6: fearbigred1222 didn't bet (folded)
Seat 7: mdefilip folded on the Flop
Seat 8: Arnz18 didn't bet (folded)
Seat 9: betteratgolf22 (button) folded on the Flop


******************** # 63 ************************

FullTiltPoker Game #26542350384: MiniFTOPS Main Event (190775720), Table 1517 - 40/80 - No Limit Hold'em - 18:22:34 ET - 2010/12/19

Seat 1: gamblergagnon (9,470)
Seat 2: ibnfishin (5,640)
Seat 3: DrazzicEhv (7,035)
Seat 4: Player1 (9,550)
Seat 5: 5oHot (9,595)
Seat 6: fearbigred1222 (7,000)
Seat 7: mdefilip (8,760)
Seat 8: Arnz18 (9,860)
Seat 9: betteratgolf22 (5,115)
ibnfishin posts the small blind of 40
DrazzicEhv posts the big blind of 80
The button is in seat #1
*** HOLE CARDS ***
Dealt to Player1 [Qs 9h]
Player1 has 15 seconds left to act
Player1 has timed out
Player1 folds
5oHot folds
fearbigred1222 has 15 seconds left to act
fearbigred1222 folds
mdefilip folds
Arnz18 folds
betteratgolf22 has 15 seconds left to act
betteratgolf22 raises to 235
gamblergagnon folds
ibnfishin folds
DrazzicEhv folds
Uncalled bet of 155 returned to betteratgolf22
betteratgolf22 mucks
betteratgolf22 wins the pot (200)
*** SUMMARY ***
Duration 66s
Total pot 200 | Rake 0
Seat 1: gamblergagnon (button) didn't bet (folded)
Seat 2: ibnfishin (small blind) folded before the Flop
Seat 3: DrazzicEhv (big blind) folded before the Flop
Seat 4: Player1 didn't bet (folded)
Seat 5: 5oHot didn't bet (folded)
Seat 6: fearbigred1222 didn't bet (folded)
Seat 7: mdefilip didn't bet (folded)
Seat 8: Arnz18 didn't bet (folded)
Seat 9: betteratgolf22 collected (200)


******************** # 64 ************************

FullTiltPoker Game #26542383411: MiniFTOPS Main Event (190775720), Table 1517 - 40/80 - No Limit Hold'em - 18:23:41 ET - 2010/12/19

Seat 1: gamblergagnon (9,470)
Seat 2: ibnfishin (5,600)
Seat 3: DrazzicEhv (6,955)
Seat 4: Player1 (9,550)
Seat 5: 5oHot (9,595)
Seat 6: fearbigred1222 (7,000)
Seat 7: mdefilip (8,760)
Seat 8: Arnz18 (9,860)
Seat 9: betteratgolf22 (5,235)
DrazzicEhv posts the small blind of 40
Player1 posts the big blind of 80
The button is in seat #2
*** HOLE CARDS ***
Dealt to Player1 [3d 3s]
5oHot folds
fearbigred1222 folds
mdefilip folds
Arnz18 raises to 160
betteratgolf22 folds
gamblergagnon has 15 seconds left to act
gamblergagnon raises to 420
ibnfishin folds
DrazzicEhv folds
Player1 folds
Arnz18 has 15 seconds left to act
Arnz18 folds
Uncalled bet of 260 returned to gamblergagnon
gamblergagnon mucks
gamblergagnon wins the pot (440)
*** SUMMARY ***
Duration 44s
Total pot 440 | Rake 0
Seat 1: gamblergagnon collected (440)
Seat 2: ibnfishin (button) didn't bet (folded)
Seat 3: DrazzicEhv (small blind) folded before the Flop
Seat 4: Player1 (big blind) folded before the Flop
Seat 5: 5oHot didn't bet (folded)
Seat 6: fearbigred1222 didn't bet (folded)
Seat 7: mdefilip didn't bet (folded)
Seat 8: Arnz18 folded before the Flop
Seat 9: betteratgolf22 didn't bet (folded)


******************** # 65 ************************

FullTiltPoker Game #26542405826: MiniFTOPS Main Event (190775720), Table 1517 - 50/100 - No Limit Hold'em - 18:24:26 ET - 2010/12/19

Seat 1: gamblergagnon (9,750)
Seat 2: ibnfishin (5,600)
Seat 3: DrazzicEhv (6,915)
Seat 4: Player1 (9,470)
Seat 5: 5oHot (9,595)
Seat 6: fearbigred1222 (7,000)
Seat 7: mdefilip (8,760)
Seat 8: Arnz18 (9,700)
Seat 9: betteratgolf22 (5,235)
Player1 posts the small blind of 50
5oHot posts the big blind of 100
The button is in seat #3
*** HOLE CARDS ***
Dealt to Player1 [7d 2s]
fearbigred1222 has 15 seconds left to act
fearbigred1222 folds
mdefilip folds
Arnz18 folds
betteratgolf22 has 15 seconds left to act
betteratgolf22 raises to 295
gamblergagnon folds
ibnfishin folds
DrazzicEhv calls 295
Player1 folds
5oHot folds
*** FLOP *** [9c 4s 8d]
betteratgolf22 has 15 seconds left to act
betteratgolf22 bets 435
DrazzicEhv has 15 seconds left to act
DrazzicEhv raises to 1,100
betteratgolf22 has 15 seconds left to act
betteratgolf22 calls 665
*** TURN *** [9c 4s 8d] [7s]
betteratgolf22 has 15 seconds left to act
betteratgolf22 bets 1,335
DrazzicEhv folds
Uncalled bet of 1,335 returned to betteratgolf22
betteratgolf22 mucks
betteratgolf22 wins the pot (2,940)
*** SUMMARY ***
Duration 123s
Total pot 2,940 | Rake 0
Board: [9c 4s 8d 7s]
Seat 1: gamblergagnon didn't bet (folded)
Seat 2: ibnfishin didn't bet (folded)
Seat 3: DrazzicEhv (button) folded on the Turn
Seat 4: Player1 (small blind) folded before the Flop
Seat 5: 5oHot (big blind) folded before the Flop
Seat 6: fearbigred1222 didn't bet (folded)
Seat 7: mdefilip didn't bet (folded)
Seat 8: Arnz18 didn't bet (folded)
Seat 9: betteratgolf22 collected (2,940)


******************** # 66 ************************

FullTiltPoker Game #26542466379: MiniFTOPS Main Event (190775720), Table 1517 - 50/100 - No Limit Hold'em - 18:26:29 ET - 2010/12/19

Seat 1: gamblergagnon (9,750)
Seat 2: ibnfishin (5,600)
Seat 3: DrazzicEhv (5,520)
Seat 4: Player1 (9,420)
Seat 5: 5oHot (9,495)
Seat 6: fearbigred1222 (7,000)
Seat 7: mdefilip (8,760)
Seat 8: Arnz18 (9,700)
Seat 9: betteratgolf22 (6,780)
5oHot posts the small blind of 50
fearbigred1222 posts the big blind of 100
The button is in seat #4
*** HOLE CARDS ***
Dealt to Player1 [Jh 5s]
mdefilip folds
Arnz18 folds
betteratgolf22 folds
gamblergagnon folds
ibnfishin folds
DrazzicEhv has 15 seconds left to act
DrazzicEhv raises to 300
Player1 folds
5oHot folds
fearbigred1222 calls 200
*** FLOP *** [9d 5c 8c]
fearbigred1222 bets 400
DrazzicEhv raises to 1,100
fearbigred1222 calls 700
*** TURN *** [9d 5c 8c] [5h]
fearbigred1222 checks
DrazzicEhv bets 1,200
fearbigred1222 calls 1,200
*** RIVER *** [9d 5c 8c 5h] [4h]
fearbigred1222 checks
DrazzicEhv checks
*** SHOW DOWN ***
DrazzicEhv shows [Kh 7s] a pair of Fives
fearbigred1222 shows [7h 7d] two pair, Sevens and Fives
fearbigred1222 wins the pot (5,250) with two pair, Sevens and Fives
*** SUMMARY ***
Duration 69s
Total pot 5,250 | Rake 0
Board: [9d 5c 8c 5h 4h]
Seat 1: gamblergagnon didn't bet (folded)
Seat 2: ibnfishin didn't bet (folded)
Seat 3: DrazzicEhv showed [Kh 7s] and lost with a pair of Fives
Seat 4: Player1 (button) didn't bet (folded)
Seat 5: 5oHot (small blind) folded before the Flop
Seat 6: fearbigred1222 (big blind) showed [7h 7d] and won (5,250) with two pair, Sevens and Fives
Seat 7: mdefilip didn't bet (folded)
Seat 8: Arnz18 didn't bet (folded)
Seat 9: betteratgolf22 didn't bet (folded)


******************** # 67 ************************

FullTiltPoker Game #26542501566: MiniFTOPS Main Event (190775720), Table 1517 - 50/100 - No Limit Hold'em - 18:27:38 ET - 2010/12/19

Seat 1: gamblergagnon (9,750)
Seat 2: ibnfishin (5,600)
Seat 3: DrazzicEhv (2,920)
Seat 4: Player1 (9,420)
Seat 5: 5oHot (9,445)
Seat 6: fearbigred1222 (9,650)
Seat 7: mdefilip (8,760)
Seat 8: Arnz18 (9,700)
Seat 9: betteratgolf22 (6,780)
fearbigred1222 posts the small blind of 50
mdefilip posts the big blind of 100
The button is in seat #5
*** HOLE CARDS ***
Dealt to Player1 [2d 8c]
Arnz18 folds
betteratgolf22 folds
gamblergagnon has 15 seconds left to act
gamblergagnon folds
ibnfishin folds
DrazzicEhv raises to 300
Player1 folds
5oHot folds
fearbigred1222 calls 250
mdefilip has 15 seconds left to act
mdefilip folds
*** FLOP *** [9h Qc 3h]
fearbigred1222 bets 300
DrazzicEhv folds
Uncalled bet of 300 returned to fearbigred1222
fearbigred1222 mucks
fearbigred1222 wins the pot (700)
*** SUMMARY ***
Duration 74s
Total pot 700 | Rake 0
Board: [9h Qc 3h]
Seat 1: gamblergagnon didn't bet (folded)
Seat 2: ibnfishin didn't bet (folded)
Seat 3: DrazzicEhv folded on the Flop
Seat 4: Player1 didn't bet (folded)
Seat 5: 5oHot (button) didn't bet (folded)
Seat 6: fearbigred1222 (small blind) collected (700)
Seat 7: mdefilip (big blind) folded before the Flop
Seat 8: Arnz18 didn't bet (folded)
Seat 9: betteratgolf22 didn't bet (folded)


******************** # 68 ************************

FullTiltPoker Game #26542539230: MiniFTOPS Main Event (190775720), Table 1517 - 50/100 - No Limit Hold'em - 18:28:53 ET - 2010/12/19

Seat 1: gamblergagnon (9,750)
Seat 2: ibnfishin (5,600)
Seat 3: DrazzicEhv (2,620)
Seat 4: Player1 (9,420)
Seat 5: 5oHot (9,445)
Seat 6: fearbigred1222 (10,050)
Seat 7: mdefilip (8,660)
Seat 8: Arnz18 (9,700)
Seat 9: betteratgolf22 (6,780)
mdefilip posts the small blind of 50
Arnz18 posts the big blind of 100
The button is in seat #6
*** HOLE CARDS ***
Dealt to Player1 [8s Jh]
betteratgolf22 folds
gamblergagnon folds
ibnfishin calls 100
DrazzicEhv folds
Player1 folds
5oHot raises to 400
fearbigred1222 folds
mdefilip has 15 seconds left to act
mdefilip folds
Arnz18 folds
ibnfishin calls 300
*** FLOP *** [7c Js 9s]
ibnfishin has 15 seconds left to act
ibnfishin checks
5oHot bets 500
ibnfishin has 15 seconds left to act
ibnfishin has requested TIME
ibnfishin folds
Uncalled bet of 500 returned to 5oHot
5oHot mucks
5oHot wins the pot (950)
*** SUMMARY ***
Duration 98s
Total pot 950 | Rake 0
Board: [7c Js 9s]
Seat 1: gamblergagnon didn't bet (folded)
Seat 2: ibnfishin folded on the Flop
Seat 3: DrazzicEhv didn't bet (folded)
Seat 4: Player1 didn't bet (folded)
Seat 5: 5oHot collected (950)
Seat 6: fearbigred1222 (button) didn't bet (folded)
Seat 7: mdefilip (small blind) folded before the Flop
Seat 8: Arnz18 (big blind) folded before the Flop
Seat 9: betteratgolf22 didn't bet (folded)


******************** # 69 ************************

FullTiltPoker Game #26542588826: MiniFTOPS Main Event (190775720), Table 1517 - 50/100 - No Limit Hold'em - 18:30:32 ET - 2010/12/19

Seat 1: gamblergagnon (9,750)
Seat 2: ibnfishin (5,200)
Seat 3: DrazzicEhv (2,620)
Seat 4: Player1 (9,420)
Seat 5: 5oHot (9,995)
Seat 6: fearbigred1222 (10,050)
Seat 7: mdefilip (8,610)
Seat 8: Arnz18 (9,600)
Seat 9: betteratgolf22 (6,780)
Arnz18 posts the small blind of 50
betteratgolf22 posts the big blind of 100
The button is in seat #7
*** HOLE CARDS ***
Dealt to Player1 [Kc Td]
gamblergagnon folds
GOAHEADDRAWAA (Observer): ??
ibnfishin has 15 seconds left to act
ibnfishin folds
DrazzicEhv folds
Player1 folds
5oHot folds
fearbigred1222 folds
mdefilip raises to 300
Arnz18 folds
betteratgolf22 calls 200
*** FLOP *** [3s Js 4h]
betteratgolf22 checks
mdefilip has 15 seconds left to act
mdefilip bets 350
betteratgolf22 folds
Uncalled bet of 350 returned to mdefilip
mdefilip mucks
mdefilip wins the pot (650)
*** SUMMARY ***
Duration 53s
Total pot 650 | Rake 0
Board: [3s Js 4h]
Seat 1: gamblergagnon didn't bet (folded)
Seat 2: ibnfishin didn't bet (folded)
Seat 3: DrazzicEhv didn't bet (folded)
Seat 4: Player1 didn't bet (folded)
Seat 5: 5oHot didn't bet (folded)
Seat 6: fearbigred1222 didn't bet (folded)
Seat 7: mdefilip (button) collected (650)
Seat 8: Arnz18 (small blind) folded before the Flop
Seat 9: betteratgolf22 (big blind) folded on the Flop


******************** # 70 ************************

FullTiltPoker Game #26542616044: MiniFTOPS Main Event (190775720), Table 1517 - 50/100 - No Limit Hold'em - 18:31:26 ET - 2010/12/19

Seat 1: gamblergagnon (9,750)
Seat 2: ibnfishin (5,200)
Seat 3: DrazzicEhv (2,620)
Seat 4: Player1 (9,420)
Seat 5: 5oHot (9,995)
Seat 6: fearbigred1222 (10,050)
Seat 7: mdefilip (8,960)
Seat 8: Arnz18 (9,550)
Seat 9: betteratgolf22 (6,480)
betteratgolf22 posts the small blind of 50
gamblergagnon posts the big blind of 100
The button is in seat #8
*** HOLE CARDS ***
Dealt to Player1 [6d 4c]
ibnfishin has 15 seconds left to act
ibnfishin raises to 250
DrazzicEhv folds
Player1 folds
5oHot folds
fearbigred1222 folds
mdefilip folds
Arnz18 folds
betteratgolf22 calls 200
gamblergagnon has 15 seconds left to act
gamblergagnon calls 150
*** FLOP *** [6h 6s 5c]
betteratgolf22 checks
gamblergagnon has 15 seconds left to act
gamblergagnon checks
ibnfishin has 15 seconds left to act
ibnfishin bets 525
betteratgolf22 folds
gamblergagnon has 15 seconds left to act
gamblergagnon folds
Uncalled bet of 525 returned to ibnfishin
ibnfishin mucks
ibnfishin wins the pot (750)
*** SUMMARY ***
Duration 88s
Total pot 750 | Rake 0
Board: [6h 6s 5c]
Seat 1: gamblergagnon (big blind) folded on the Flop
Seat 2: ibnfishin collected (750)
Seat 3: DrazzicEhv didn't bet (folded)
Seat 4: Player1 didn't bet (folded)
Seat 5: 5oHot didn't bet (folded)
Seat 6: fearbigred1222 didn't bet (folded)
Seat 7: mdefilip didn't bet (folded)
Seat 8: Arnz18 (button) didn't bet (folded)
Seat 9: betteratgolf22 (small blind) folded on the Flop


******************** # 71 ************************

FullTiltPoker Game #26542660872: MiniFTOPS Main Event (190775720), Table 1517 - 50/100 - No Limit Hold'em - 18:32:55 ET - 2010/12/19

Seat 1: gamblergagnon (9,500)
Seat 2: ibnfishin (5,700)
Seat 3: DrazzicEhv (2,620)
Seat 4: Player1 (9,420)
Seat 5: 5oHot (9,995)
Seat 6: fearbigred1222 (10,050)
Seat 7: mdefilip (8,960)
Seat 8: Arnz18 (9,550)
Seat 9: betteratgolf22 (6,230)
gamblergagnon posts the small blind of 50
ibnfishin posts the big blind of 100
The button is in seat #9
*** HOLE CARDS ***
Dealt to Player1 [Jd 2d]
DrazzicEhv has 15 seconds left to act
DrazzicEhv folds
Player1 folds
5oHot folds
fearbigred1222 folds
mdefilip folds
Arnz18 folds
betteratgolf22 folds
gamblergagnon raises to 250
ibnfishin calls 150
*** FLOP *** [3h 7d 8c]
gamblergagnon has 15 seconds left to act
gamblergagnon bets 250
ibnfishin calls 250
*** TURN *** [3h 7d 8c] [Ks]
gamblergagnon has 15 seconds left to act
gamblergagnon bets 500
ibnfishin calls 500
*** RIVER *** [3h 7d 8c Ks] [2c]
gamblergagnon has 15 seconds left to act
gamblergagnon checks
ibnfishin bets 800
gamblergagnon calls 800
*** SHOW DOWN ***
ibnfishin shows [Kh Th] a pair of Kings
gamblergagnon mucks
ibnfishin wins the pot (3,600) with a pair of Kings
*** SUMMARY ***
Duration 94s
Total pot 3,600 | Rake 0
Board: [3h 7d 8c Ks 2c]
Seat 1: gamblergagnon (small blind) mucked [6d 8h] - a pair of Eights
Seat 2: ibnfishin (big blind) showed [Kh Th] and won (3,600) with a pair of Kings
Seat 3: DrazzicEhv didn't bet (folded)
Seat 4: Player1 didn't bet (folded)
Seat 5: 5oHot didn't bet (folded)
Seat 6: fearbigred1222 didn't bet (folded)
Seat 7: mdefilip didn't bet (folded)
Seat 8: Arnz18 didn't bet (folded)
Seat 9: betteratgolf22 (button) didn't bet (folded)


******************** # 72 ************************

FullTiltPoker Game #26542707908: MiniFTOPS Main Event (190775720), Table 1517 - 50/100 - No Limit Hold'em - 18:34:30 ET - 2010/12/19

Seat 1: gamblergagnon (7,700)
Seat 2: ibnfishin (7,500)
Seat 3: DrazzicEhv (2,620)
Seat 4: Player1 (9,420)
Seat 5: 5oHot (9,995)
Seat 6: fearbigred1222 (10,050)
Seat 7: mdefilip (8,960)
Seat 8: Arnz18 (9,550)
Seat 9: betteratgolf22 (6,230)
ibnfishin posts the small blind of 50
DrazzicEhv posts the big blind of 100
The button is in seat #1
*** HOLE CARDS ***
Dealt to Player1 [2c 7s]
GOAHEADDRAWAA (Observer): nh
Player1 has 15 seconds left to act
Player1 folds
5oHot folds
fearbigred1222 folds
mdefilip folds
Arnz18 raises to 200
gamblergagnon: nice flop cal
betteratgolf22 has 15 seconds left to act
betteratgolf22 raises to 500
gamblergagnon folds
ibnfishin folds
DrazzicEhv folds
Arnz18 folds
Uncalled bet of 300 returned to betteratgolf22
betteratgolf22 mucks
betteratgolf22 wins the pot (550)
*** SUMMARY ***
Duration 43s
Total pot 550 | Rake 0
Seat 1: gamblergagnon (button) didn't bet (folded)
Seat 2: ibnfishin (small blind) folded before the Flop
Seat 3: DrazzicEhv (big blind) folded before the Flop
Seat 4: Player1 didn't bet (folded)
Seat 5: 5oHot didn't bet (folded)
Seat 6: fearbigred1222 didn't bet (folded)
Seat 7: mdefilip didn't bet (folded)
Seat 8: Arnz18 folded before the Flop
Seat 9: betteratgolf22 collected (550)


******************** # 73 ************************

FullTiltPoker Game #26542729466: MiniFTOPS Main Event (190775720), Table 1517 - 50/100 - No Limit Hold'em - 18:35:14 ET - 2010/12/19

Seat 1: gamblergagnon (7,700)
Seat 2: ibnfishin (7,450)
Seat 3: DrazzicEhv (2,520)
Seat 4: Player1 (9,420)
Seat 5: 5oHot (9,995)
Seat 6: fearbigred1222 (10,050)
Seat 7: mdefilip (8,960)
Seat 8: Arnz18 (9,350)
Seat 9: betteratgolf22 (6,580)
DrazzicEhv posts the small blind of 50
Player1 posts the big blind of 100
The button is in seat #2
*** HOLE CARDS ***
Dealt to Player1 [Ad 5h]
5oHot folds
fearbigred1222 folds
mdefilip folds
Arnz18 folds
betteratgolf22 folds
gamblergagnon folds
ibnfishin folds
DrazzicEhv raises to 300
Player1 folds
Uncalled bet of 200 returned to DrazzicEhv
DrazzicEhv mucks
DrazzicEhv wins the pot (200)
*** SUMMARY ***
Duration 26s
Total pot 200 | Rake 0
Seat 1: gamblergagnon didn't bet (folded)
Seat 2: ibnfishin (button) didn't bet (folded)
Seat 3: DrazzicEhv (small blind) collected (200)
Seat 4: Player1 (big blind) folded before the Flop
Seat 5: 5oHot didn't bet (folded)
Seat 6: fearbigred1222 didn't bet (folded)
Seat 7: mdefilip didn't bet (folded)
Seat 8: Arnz18 didn't bet (folded)
Seat 9: betteratgolf22 didn't bet (folded)


******************** # 74 ************************

FullTiltPoker Game #26542742851: MiniFTOPS Main Event (190775720), Table 1517 - 50/100 - No Limit Hold'em - 18:35:41 ET - 2010/12/19

Seat 1: gamblergagnon (7,700)
Seat 2: ibnfishin (7,450)
Seat 3: DrazzicEhv (2,620)
Seat 4: Player1 (9,320)
Seat 5: 5oHot (9,995)
Seat 6: fearbigred1222 (10,050)
Seat 7: mdefilip (8,960)
Seat 8: Arnz18 (9,350)
Seat 9: betteratgolf22 (6,580)
Player1 posts the small blind of 50
5oHot posts the big blind of 100
The button is in seat #3
*** HOLE CARDS ***
Dealt to Player1 [9h 5d]
fearbigred1222 folds
mdefilip folds
Arnz18 folds
betteratgolf22 folds
gamblergagnon has 15 seconds left to act
gamblergagnon folds
ibnfishin folds
DrazzicEhv has 15 seconds left to act
DrazzicEhv raises to 300
Player1 folds
5oHot folds
Uncalled bet of 200 returned to DrazzicEhv
DrazzicEhv mucks
DrazzicEhv wins the pot (250)
*** SUMMARY ***
Duration 40s
Total pot 250 | Rake 0
Seat 1: gamblergagnon didn't bet (folded)
Seat 2: ibnfishin didn't bet (folded)
Seat 3: DrazzicEhv (button) collected (250)
Seat 4: Player1 (small blind) folded before the Flop
Seat 5: 5oHot (big blind) folded before the Flop
Seat 6: fearbigred1222 didn't bet (folded)
Seat 7: mdefilip didn't bet (folded)
Seat 8: Arnz18 didn't bet (folded)
Seat 9: betteratgolf22 didn't bet (folded)


******************** # 75 ************************

FullTiltPoker Game #26542763195: MiniFTOPS Main Event (190775720), Table 1517 - 60/120 - No Limit Hold'em - 18:36:22 ET - 2010/12/19

Seat 1: gamblergagnon (7,700)
Seat 2: ibnfishin (7,450)
Seat 3: DrazzicEhv (2,770)
Seat 4: Player1 (9,270)
Seat 5: 5oHot (9,895)
Seat 6: fearbigred1222 (10,050)
Seat 7: mdefilip (8,960)
Seat 8: Arnz18 (9,350)
Seat 9: betteratgolf22 (6,580)
5oHot posts the small blind of 60
fearbigred1222 posts the big blind of 120
The button is in seat #4
*** HOLE CARDS ***
Dealt to Player1 [Jh 4c]
mdefilip has 15 seconds left to act
mdefilip folds
Arnz18 calls 120
betteratgolf22 calls 120
gamblergagnon calls 120
ibnfishin folds
DrazzicEhv folds
Player1 folds
5oHot folds
fearbigred1222 checks
*** FLOP *** [Th 6c 4d]
fearbigred1222 checks
Arnz18 checks
betteratgolf22 checks
gamblergagnon checks
*** TURN *** [Th 6c 4d] [5d]
fearbigred1222 has 15 seconds left to act
fearbigred1222 checks
Arnz18 checks
betteratgolf22 checks
gamblergagnon checks
*** RIVER *** [Th 6c 4d 5d] [5h]
fearbigred1222 checks
Arnz18 checks
betteratgolf22 checks
gamblergagnon checks
*** SHOW DOWN ***
fearbigred1222 shows [8s 9c] a pair of Fives
Arnz18 shows [Ad 9d] a pair of Fives
betteratgolf22 mucks
gamblergagnon mucks
Arnz18 wins the pot (540) with a pair of Fives
*** SUMMARY ***
Duration 90s
Total pot 540 | Rake 0
Board: [Th 6c 4d 5d 5h]
Seat 1: gamblergagnon mucked [Qh Kd] - a pair of Fives
Seat 2: ibnfishin didn't bet (folded)
Seat 3: DrazzicEhv didn't bet (folded)
Seat 4: Player1 (button) didn't bet (folded)
Seat 5: 5oHot (small blind) folded before the Flop
Seat 6: fearbigred1222 (big blind) showed [8s 9c] and lost with a pair of Fives
Seat 7: mdefilip didn't bet (folded)
Seat 8: Arnz18 showed [Ad 9d] and won (540) with a pair of Fives
Seat 9: betteratgolf22 mucked [As 3s] - a pair of Fives


******************** # 76 ************************

FullTiltPoker Game #26542807829: MiniFTOPS Main Event (190775720), Table 1517 - 60/120 - No Limit Hold'em - 18:37:52 ET - 2010/12/19

Seat 1: gamblergagnon (7,580)
Seat 2: ibnfishin (7,450)
Seat 3: DrazzicEhv (2,770)
Seat 4: Player1 (9,270)
Seat 5: 5oHot (9,835)
Seat 6: fearbigred1222 (9,930)
Seat 7: mdefilip (8,960)
Seat 8: Arnz18 (9,770)
Seat 9: betteratgolf22 (6,460)
fearbigred1222 posts the small blind of 60
mdefilip posts the big blind of 120
The button is in seat #5
*** HOLE CARDS ***
Dealt to Player1 [8d Tc]
Arnz18 folds
betteratgolf22 folds
gamblergagnon has 15 seconds left to act
gamblergagnon folds
ibnfishin folds
DrazzicEhv has 15 seconds left to act
DrazzicEhv raises to 360
Player1 folds
5oHot folds
fearbigred1222 folds
mdefilip has 15 seconds left to act
mdefilip calls 240
*** FLOP *** [8c Qh Ah]
mdefilip checks
DrazzicEhv bets 480
mdefilip calls 480
*** TURN *** [8c Qh Ah] [Kc]
mdefilip checks
DrazzicEhv checks
*** RIVER *** [8c Qh Ah Kc] [9s]
mdefilip has 15 seconds left to act
mdefilip bets 650
DrazzicEhv folds
Uncalled bet of 650 returned to mdefilip
mdefilip mucks
mdefilip wins the pot (1,740)
*** SUMMARY ***
Duration 99s
Total pot 1,740 | Rake 0
Board: [8c Qh Ah Kc 9s]
Seat 1: gamblergagnon didn't bet (folded)
Seat 2: ibnfishin didn't bet (folded)
Seat 3: DrazzicEhv folded on the River
Seat 4: Player1 didn't bet (folded)
Seat 5: 5oHot (button) didn't bet (folded)
Seat 6: fearbigred1222 (small blind) folded before the Flop
Seat 7: mdefilip (big blind) collected (1,740)
Seat 8: Arnz18 didn't bet (folded)
Seat 9: betteratgolf22 didn't bet (folded)


******************** # 77 ************************

FullTiltPoker Game #26542857006: MiniFTOPS Main Event (190775720), Table 1517 - 60/120 - No Limit Hold'em - 18:39:32 ET - 2010/12/19

Seat 1: gamblergagnon (7,580)
Seat 2: ibnfishin (7,450)
Seat 3: DrazzicEhv (1,930)
Seat 4: Player1 (9,270)
Seat 5: 5oHot (9,835)
Seat 6: fearbigred1222 (9,870)
Seat 7: mdefilip (9,860)
Seat 8: Arnz18 (9,770)
Seat 9: betteratgolf22 (6,460)
mdefilip posts the small blind of 60
Arnz18 posts the big blind of 120
The button is in seat #6
*** HOLE CARDS ***
Dealt to Player1 [5h 2c]
betteratgolf22 folds
gamblergagnon folds
ibnfishin folds
DrazzicEhv has 15 seconds left to act
DrazzicEhv folds
Player1 has 15 seconds left to act
Player1 folds
5oHot raises to 360
fearbigred1222 folds
mdefilip calls 300
Arnz18 has 15 seconds left to act
Arnz18 has requested TIME
Arnz18 calls 240
*** FLOP *** [Ks 9d Ac]
mdefilip checks
Arnz18 checks
5oHot checks
*** TURN *** [Ks 9d Ac] [4h]
mdefilip has 15 seconds left to act
mdefilip bets 450
Arnz18 folds
5oHot folds
Uncalled bet of 450 returned to mdefilip
mdefilip mucks
mdefilip wins the pot (1,080)
*** SUMMARY ***
Duration 102s
Total pot 1,080 | Rake 0
Board: [Ks 9d Ac 4h]
Seat 1: gamblergagnon didn't bet (folded)
Seat 2: ibnfishin didn't bet (folded)
Seat 3: DrazzicEhv didn't bet (folded)
Seat 4: Player1 didn't bet (folded)
Seat 5: 5oHot folded on the Turn
Seat 6: fearbigred1222 (button) didn't bet (folded)
Seat 7: mdefilip (small blind) collected (1,080)
Seat 8: Arnz18 (big blind) folded on the Turn
Seat 9: betteratgolf22 didn't bet (folded)


******************** # 78 ************************

FullTiltPoker Game #26542907349: MiniFTOPS Main Event (190775720), Table 1517 - 60/120 - No Limit Hold'em - 18:41:15 ET - 2010/12/19

Seat 1: gamblergagnon (7,580)
Seat 2: ibnfishin (7,450)
Seat 3: DrazzicEhv (1,930)
Seat 4: Player1 (9,270)
Seat 5: 5oHot (9,475)
Seat 6: fearbigred1222 (9,870)
Seat 7: mdefilip (10,580)
Seat 8: Arnz18 (9,410)
Seat 9: betteratgolf22 (6,460)
Arnz18 posts the small blind of 60
betteratgolf22 posts the big blind of 120
The button is in seat #7
*** HOLE CARDS ***
Dealt to Player1 [Ks Ah]
gamblergagnon folds
ibnfishin folds
DrazzicEhv folds
Player1 has 15 seconds left to act
Player1 raises to 360
5oHot folds
fearbigred1222 folds
mdefilip folds
Arnz18 folds
betteratgolf22 has 15 seconds left to act
betteratgolf22 calls 240
*** FLOP *** [6h 3h 6c]
betteratgolf22 has 15 seconds left to act
betteratgolf22 checks
Player1 has 15 seconds left to act
Player1 bets 360
betteratgolf22 has 15 seconds left to act
betteratgolf22 folds
Uncalled bet of 360 returned to Player1
Player1 mucks
Player1 wins the pot (780)
*** SUMMARY ***
Duration 88s
Total pot 780 | Rake 0
Board: [6h 3h 6c]
Seat 1: gamblergagnon didn't bet (folded)
Seat 2: ibnfishin didn't bet (folded)
Seat 3: DrazzicEhv didn't bet (folded)
Seat 4: Player1 collected (780)
Seat 5: 5oHot didn't bet (folded)
Seat 6: fearbigred1222 didn't bet (folded)
Seat 7: mdefilip (button) didn't bet (folded)
Seat 8: Arnz18 (small blind) folded before the Flop
Seat 9: betteratgolf22 (big blind) folded on the Flop


******************** # 79 ************************

FullTiltPoker Game #26542950508: MiniFTOPS Main Event (190775720), Table 1517 - 60/120 - No Limit Hold'em - 18:42:44 ET - 2010/12/19

Seat 1: gamblergagnon (7,580)
Seat 2: ibnfishin (7,450)
Seat 3: DrazzicEhv (1,930)
Seat 4: Player1 (9,690)
Seat 5: 5oHot (9,475)
Seat 6: fearbigred1222 (9,870)
Seat 7: mdefilip (10,580)
Seat 8: Arnz18 (9,350)
Seat 9: betteratgolf22 (6,100)
betteratgolf22 posts the small blind of 60
gamblergagnon posts the big blind of 120
The button is in seat #8
*** HOLE CARDS ***
Dealt to Player1 [8d 9h]
ibnfishin folds
DrazzicEhv folds
Player1 folds
5oHot folds
fearbigred1222 folds
mdefilip folds
Arnz18 raises to 260
betteratgolf22 folds
gamblergagnon folds
Uncalled bet of 140 returned to Arnz18
Arnz18 mucks
Arnz18 wins the pot (300)
*** SUMMARY ***
Duration 35s
Total pot 300 | Rake 0
Seat 1: gamblergagnon (big blind) folded before the Flop
Seat 2: ibnfishin didn't bet (folded)
Seat 3: DrazzicEhv didn't bet (folded)
Seat 4: Player1 didn't bet (folded)
Seat 5: 5oHot didn't bet (folded)
Seat 6: fearbigred1222 didn't bet (folded)
Seat 7: mdefilip didn't bet (folded)
Seat 8: Arnz18 (button) collected (300)
Seat 9: betteratgolf22 (small blind) folded before the Flop


******************** # 80 ************************

FullTiltPoker Game #26542967397: MiniFTOPS Main Event (190775720), Table 1517 - 60/120 - No Limit Hold'em - 18:43:19 ET - 2010/12/19

Seat 1: gamblergagnon (7,460)
Seat 2: ibnfishin (7,450)
Seat 3: DrazzicEhv (1,930)
Seat 4: Player1 (9,690)
Seat 5: 5oHot (9,475)
Seat 6: fearbigred1222 (9,870)
Seat 7: mdefilip (10,580)
Seat 8: Arnz18 (9,530)
Seat 9: betteratgolf22 (6,040)
gamblergagnon posts the small blind of 60
ibnfishin posts the big blind of 120
The button is in seat #9
*** HOLE CARDS ***
Dealt to Player1 [8s Ad]
betteratgolf22 is feeling confused
DrazzicEhv folds
Player1 folds
5oHot folds
fearbigred1222 folds
mdefilip raises to 360
Arnz18 folds
betteratgolf22 calls 360
gamblergagnon has 15 seconds left to act
gamblergagnon folds
ibnfishin folds
*** FLOP *** [Qd 4d 6s]
mdefilip checks
betteratgolf22 has 15 seconds left to act
betteratgolf22 bets 335
mdefilip calls 335
*** TURN *** [Qd 4d 6s] [4c]
mdefilip has 15 seconds left to act
mdefilip bets 755
betteratgolf22: gh
betteratgolf22 has 15 seconds left to act
betteratgolf22 folds
Uncalled bet of 755 returned to mdefilip
mdefilip mucks
mdefilip wins the pot (1,570)
*** SUMMARY ***
Duration 93s
Total pot 1,570 | Rake 0
Board: [Qd 4d 6s 4c]
Seat 1: gamblergagnon (small blind) folded before the Flop
Seat 2: ibnfishin (big blind) folded before the Flop
Seat 3: DrazzicEhv didn't bet (folded)
Seat 4: Player1 didn't bet (folded)
Seat 5: 5oHot didn't bet (folded)
Seat 6: fearbigred1222 didn't bet (folded)
Seat 7: mdefilip collected (1,570)
Seat 8: Arnz18 didn't bet (folded)
Seat 9: betteratgolf22 (button) folded on the Turn


******************** # 81 ************************

FullTiltPoker Game #26543012316: MiniFTOPS Main Event (190775720), Table 1517 - 60/120 - No Limit Hold'em - 18:44:52 ET - 2010/12/19

Seat 1: gamblergagnon (7,400)
Seat 2: ibnfishin (7,330)
Seat 3: DrazzicEhv (1,930)
Seat 4: Player1 (9,690)
Seat 5: 5oHot (9,475)
Seat 6: fearbigred1222 (9,870)
Seat 7: mdefilip (11,455)
Seat 8: Arnz18 (9,530)
Seat 9: betteratgolf22 (5,345)
ibnfishin posts the small blind of 60
DrazzicEhv posts the big blind of 120
The button is in seat #1
*** HOLE CARDS ***
Dealt to Player1 [7d 4s]
Player1 folds
5oHot folds
fearbigred1222 calls 120
mdefilip folds
Arnz18 has 15 seconds left to act
Arnz18 raises to 360
betteratgolf22 folds
gamblergagnon folds
ibnfishin folds
DrazzicEhv has 15 seconds left to act
DrazzicEhv raises to 1,930, and is all in
fearbigred1222 folds
Arnz18 folds
Uncalled bet of 1,570 returned to DrazzicEhv
DrazzicEhv mucks
DrazzicEhv wins the pot (900)
*** SUMMARY ***
Duration 46s
Total pot 900 | Rake 0
Seat 1: gamblergagnon (button) didn't bet (folded)
Seat 2: ibnfishin (small blind) folded before the Flop
Seat 3: DrazzicEhv (big blind) collected (900)
Seat 4: Player1 didn't bet (folded)
Seat 5: 5oHot didn't bet (folded)
Seat 6: fearbigred1222 folded before the Flop
Seat 7: mdefilip didn't bet (folded)
Seat 8: Arnz18 folded before the Flop
Seat 9: betteratgolf22 didn't bet (folded)


******************** # 82 ************************

FullTiltPoker Game #26543035678: MiniFTOPS Main Event (190775720), Table 1517 - 60/120 - No Limit Hold'em - 18:45:38 ET - 2010/12/19

Seat 1: gamblergagnon (7,400)
Seat 2: ibnfishin (7,270)
Seat 3: DrazzicEhv (2,470)
Seat 4: Player1 (9,690)
Seat 5: 5oHot (9,475)
Seat 6: fearbigred1222 (9,750)
Seat 7: mdefilip (11,455)
Seat 8: Arnz18 (9,170)
Seat 9: betteratgolf22 (5,345)
DrazzicEhv posts the small blind of 60
Player1 posts the big blind of 120
The button is in seat #2
*** HOLE CARDS ***
Dealt to Player1 [5s 8d]
5oHot folds
fearbigred1222 folds
mdefilip folds
Arnz18 folds
betteratgolf22 has 15 seconds left to act
betteratgolf22 raises to 345
gamblergagnon folds
ibnfishin folds
DrazzicEhv folds
Player1 folds
Uncalled bet of 225 returned to betteratgolf22
betteratgolf22 mucks
betteratgolf22 wins the pot (300)
*** SUMMARY ***
Duration 38s
Total pot 300 | Rake 0
Seat 1: gamblergagnon didn't bet (folded)
Seat 2: ibnfishin (button) didn't bet (folded)
Seat 3: DrazzicEhv (small blind) folded before the Flop
Seat 4: Player1 (big blind) folded before the Flop
Seat 5: 5oHot didn't bet (folded)
Seat 6: fearbigred1222 didn't bet (folded)
Seat 7: mdefilip didn't bet (folded)
Seat 8: Arnz18 didn't bet (folded)
Seat 9: betteratgolf22 collected (300)


******************** # 83 ************************

FullTiltPoker Game #26543054165: MiniFTOPS Main Event (190775720), Table 1517 - 60/120 - No Limit Hold'em - 18:46:17 ET - 2010/12/19

Seat 1: gamblergagnon (7,400)
Seat 2: ibnfishin (7,270)
Seat 3: DrazzicEhv (2,410)
Seat 4: Player1 (9,570)
Seat 6: fearbigred1222 (9,750)
Seat 7: mdefilip (11,455)
Seat 8: Arnz18 (9,170)
Seat 9: betteratgolf22 (5,525)
Player1 posts the small blind of 60
fearbigred1222 posts the big blind of 120
The button is in seat #3
*** HOLE CARDS ***
Dealt to Player1 [3c 5h]
mdefilip folds
Arnz18 has 15 seconds left to act
Arnz18 folds
betteratgolf22 folds
gamblergagnon raises to 260
ibnfishin folds
DrazzicEhv folds
Player1 folds
fearbigred1222 calls 140
*** FLOP *** [6c Js 5s]
fearbigred1222 bets 360
gamblergagnon calls 360
*** TURN *** [6c Js 5s] [8c]
fearbigred1222 has 15 seconds left to act
fearbigred1222 bets 600
gamblergagnon calls 600
*** RIVER *** [6c Js 5s 8c] [Kc]
fearbigred1222 has 15 seconds left to act
fearbigred1222 bets 1,320
gamblergagnon has 15 seconds left to act
gamblergagnon has requested TIME
gamblergagnon folds
Uncalled bet of 1,320 returned to fearbigred1222
fearbigred1222 mucks
fearbigred1222 wins the pot (2,500)
*** SUMMARY ***
Duration 92s
Total pot 2,500 | Rake 0
Board: [6c Js 5s 8c Kc]
Seat 1: gamblergagnon folded on the River
Seat 2: ibnfishin didn't bet (folded)
Seat 3: DrazzicEhv (button) didn't bet (folded)
Seat 4: Player1 (small blind) folded before the Flop
Seat 6: fearbigred1222 (big blind) collected (2,500)
Seat 7: mdefilip didn't bet (folded)
Seat 8: Arnz18 didn't bet (folded)
Seat 9: betteratgolf22 didn't bet (folded)


******************** # 84 ************************

FullTiltPoker Game #26543099733: MiniFTOPS Main Event (190775720), Table 1517 - 60/120 - No Limit Hold'em - 18:47:50 ET - 2010/12/19

Seat 1: gamblergagnon (6,180)
Seat 2: ibnfishin (7,270)
Seat 3: DrazzicEhv (2,410)
Seat 4: Player1 (9,510)
Seat 5: cASH no limit (7,500)
Seat 6: fearbigred1222 (11,030)
Seat 7: mdefilip (11,455)
Seat 8: Arnz18 (9,170)
Seat 9: betteratgolf22 (5,525)
fearbigred1222 posts the small blind of 60
mdefilip posts the big blind of 120
The button is in seat #4
*** HOLE CARDS ***
Dealt to Player1 [2c As]
Arnz18 folds
betteratgolf22 folds
gamblergagnon folds
ibnfishin folds
DrazzicEhv folds
Player1 has 15 seconds left to act
Player1 folds
fearbigred1222 has 15 seconds left to act
fearbigred1222 calls 60
mdefilip checks
*** FLOP *** [Qh 9c Qc]
fearbigred1222 bets 240
mdefilip folds
Uncalled bet of 240 returned to fearbigred1222
fearbigred1222 mucks
fearbigred1222 wins the pot (240)
*** SUMMARY ***
Duration 48s
Total pot 240 | Rake 0
Board: [Qh 9c Qc]
Seat 1: gamblergagnon didn't bet (folded)
Seat 2: ibnfishin didn't bet (folded)
Seat 3: DrazzicEhv didn't bet (folded)
Seat 4: Player1 (button) didn't bet (folded)
Seat 5: cASH no limit is sitting out
Seat 6: fearbigred1222 (small blind) collected (240)
Seat 7: mdefilip (big blind) folded on the Flop
Seat 8: Arnz18 didn't bet (folded)
Seat 9: betteratgolf22 didn't bet (folded)


******************** # 85 ************************

FullTiltPoker Game #26543123591: MiniFTOPS Main Event (190775720), Table 1517 - 80/160 - No Limit Hold'em - 18:48:39 ET - 2010/12/19

Seat 1: gamblergagnon (6,180)
Seat 2: ibnfishin (7,270)
Seat 3: DrazzicEhv (2,410)
Seat 4: Player1 (9,510)
Seat 5: cASH no limit (7,500)
Seat 6: fearbigred1222 (11,150)
Seat 7: mdefilip (11,335)
Seat 8: Arnz18 (9,170)
Seat 9: betteratgolf22 (5,525)
mdefilip posts the small blind of 80
Arnz18 posts the big blind of 160
The button is in seat #6
*** HOLE CARDS ***
Dealt to Player1 [4h 8s]
betteratgolf22 folds
gamblergagnon folds
ibnfishin folds
DrazzicEhv raises to 425
Player1 has 15 seconds left to act
Player1 folds
fearbigred1222 folds
mdefilip folds
Arnz18 folds
Uncalled bet of 265 returned to DrazzicEhv
DrazzicEhv mucks
DrazzicEhv wins the pot (400)
*** SUMMARY ***
Duration 33s
Total pot 400 | Rake 0
Seat 1: gamblergagnon didn't bet (folded)
Seat 2: ibnfishin didn't bet (folded)
Seat 3: DrazzicEhv collected (400)
Seat 4: Player1 didn't bet (folded)
Seat 5: cASH no limit is sitting out
Seat 6: fearbigred1222 (button) didn't bet (folded)
Seat 7: mdefilip (small blind) folded before the Flop
Seat 8: Arnz18 (big blind) folded before the Flop
Seat 9: betteratgolf22 didn't bet (folded)


******************** # 86 ************************

FullTiltPoker Game #26543139914: MiniFTOPS Main Event (190775720), Table 1517 - 80/160 - No Limit Hold'em - 18:49:13 ET - 2010/12/19

Seat 1: gamblergagnon (6,180)
Seat 2: ibnfishin (7,270)
Seat 3: DrazzicEhv (2,650)
Seat 4: Player1 (9,510)
Seat 5: cASH no limit (7,500)
Seat 6: fearbigred1222 (11,150)
Seat 7: mdefilip (11,255)
Seat 8: Arnz18 (9,010)
Seat 9: betteratgolf22 (5,525)
Arnz18 posts the small blind of 80
betteratgolf22 posts the big blind of 160
The button is in seat #7
*** HOLE CARDS ***
Dealt to Player1 [Tc 6c]
gamblergagnon folds
ibnfishin has 15 seconds left to act
ibnfishin calls 160
DrazzicEhv raises to 2,650, and is all in
Player1 folds
fearbigred1222 folds
mdefilip folds
Arnz18 folds
betteratgolf22 folds
ibnfishin has 15 seconds left to act
ibnfishin has requested TIME
ibnfishin folds
Uncalled bet of 2,490 returned to DrazzicEhv
DrazzicEhv mucks
DrazzicEhv wins the pot (560)
*** SUMMARY ***
Duration 64s
Total pot 560 | Rake 0
Seat 1: gamblergagnon didn't bet (folded)
Seat 2: ibnfishin folded before the Flop
Seat 3: DrazzicEhv collected (560)
Seat 4: Player1 didn't bet (folded)
Seat 5: cASH no limit is sitting out
Seat 6: fearbigred1222 didn't bet (folded)
Seat 7: mdefilip (button) didn't bet (folded)
Seat 8: Arnz18 (small blind) folded before the Flop
Seat 9: betteratgolf22 (big blind) folded before the Flop


******************** # 87 ************************

FullTiltPoker Game #26543171459: MiniFTOPS Main Event (190775720), Table 1517 - 80/160 - No Limit Hold'em - 18:50:17 ET - 2010/12/19

Seat 1: gamblergagnon (6,180)
Seat 2: ibnfishin (7,110)
Seat 3: DrazzicEhv (3,050)
Seat 4: Player1 (9,510)
Seat 5: cASH no limit (7,500)
Seat 6: fearbigred1222 (11,150)
Seat 7: mdefilip (11,255)
Seat 8: Arnz18 (8,930)
Seat 9: betteratgolf22 (5,365)
betteratgolf22 posts the small blind of 80
gamblergagnon posts the big blind of 160
The button is in seat #8
*** HOLE CARDS ***
Dealt to Player1 [9c Kd]
ibnfishin folds
DrazzicEhv folds
Player1 folds
fearbigred1222 calls 160
mdefilip folds
Arnz18 folds
betteratgolf22 has 15 seconds left to act
betteratgolf22 calls 80
gamblergagnon checks
*** FLOP *** [5c Qd Kh]
betteratgolf22 checks
gamblergagnon checks
fearbigred1222 checks
*** TURN *** [5c Qd Kh] [Ks]
betteratgolf22 checks
gamblergagnon checks
fearbigred1222 checks
*** RIVER *** [5c Qd Kh Ks] [As]
betteratgolf22 checks
gamblergagnon checks
fearbigred1222 checks
*** SHOW DOWN ***
betteratgolf22 shows [8d 6d] a pair of Kings
gamblergagnon mucks
fearbigred1222 shows [8c 9s] a pair of Kings
fearbigred1222 wins the pot (480) with a pair of Kings
*** SUMMARY ***
Duration 65s
Total pot 480 | Rake 0
Board: [5c Qd Kh Ks As]
Seat 1: gamblergagnon (big blind) mucked [3s 7c] - a pair of Kings
Seat 2: ibnfishin didn't bet (folded)
Seat 3: DrazzicEhv didn't bet (folded)
Seat 4: Player1 didn't bet (folded)
Seat 5: cASH no limit is sitting out
Seat 6: fearbigred1222 showed [8c 9s] and won (480) with a pair of Kings
Seat 7: mdefilip didn't bet (folded)
Seat 8: Arnz18 (button) didn't bet (folded)
Seat 9: betteratgolf22 (small blind) showed [8d 6d] and lost with a pair of Kings


******************** # 88 ************************

FullTiltPoker Game #26543203149: MiniFTOPS Main Event (190775720), Table 1517 - 80/160 - No Limit Hold'em - 18:51:23 ET - 2010/12/19

Seat 1: gamblergagnon (6,020)
Seat 2: ibnfishin (7,110)
Seat 3: DrazzicEhv (3,050)
Seat 4: Player1 (9,510)
Seat 5: cASH no limit (7,500)
Seat 6: fearbigred1222 (11,470)
Seat 7: mdefilip (11,255)
Seat 8: Arnz18 (8,930)
Seat 9: betteratgolf22 (5,205)
gamblergagnon posts the small blind of 80
ibnfishin posts the big blind of 160
The button is in seat #9
*** HOLE CARDS ***
Dealt to Player1 [4h 3h]
DrazzicEhv folds
Player1 has 15 seconds left to act
betteratgolf22: gogo9high
Player1 has timed out
Player1 folds
fearbigred1222 folds
mdefilip has 15 seconds left to act
mdefilip raises to 420
Arnz18 folds
betteratgolf22 folds
gamblergagnon folds
ibnfishin folds
Uncalled bet of 260 returned to mdefilip
mdefilip mucks
mdefilip wins the pot (400)
*** SUMMARY ***
Duration 60s
Total pot 400 | Rake 0
Seat 1: gamblergagnon (small blind) folded before the Flop
Seat 2: ibnfishin (big blind) folded before the Flop
Seat 3: DrazzicEhv didn't bet (folded)
Seat 4: Player1 didn't bet (folded)
Seat 5: cASH no limit is sitting out
Seat 6: fearbigred1222 didn't bet (folded)
Seat 7: mdefilip collected (400)
Seat 8: Arnz18 didn't bet (folded)
Seat 9: betteratgolf22 (button) didn't bet (folded)


******************** # 89 ************************

FullTiltPoker Game #26543232064: MiniFTOPS Main Event (190775720), Table 1517 - 80/160 - No Limit Hold'em - 18:52:24 ET - 2010/12/19

Seat 1: gamblergagnon (5,940)
Seat 2: ibnfishin (6,950)
Seat 3: DrazzicEhv (3,050)
Seat 4: Player1 (9,510), is sitting out
Seat 5: cASH no limit (7,500)
Seat 6: fearbigred1222 (11,470)
Seat 7: mdefilip (11,495)
Seat 8: Arnz18 (8,930)
Seat 9: betteratgolf22 (5,205)
ibnfishin posts the small blind of 80
DrazzicEhv posts the big blind of 160
The button is in seat #1
*** HOLE CARDS ***
Dealt to Player1 [Qc 3c]
Player1 folds
fearbigred1222 calls 160
mdefilip folds
Arnz18 folds
betteratgolf22 calls 160
gamblergagnon calls 160
ibnfishin folds
DrazzicEhv checks
*** FLOP *** [9h Kc 3d]
DrazzicEhv checks
betteratgolf22: 9ghigh gogo
fearbigred1222 bets 480
betteratgolf22 folds
gamblergagnon folds
DrazzicEhv folds
Uncalled bet of 480 returned to fearbigred1222
fearbigred1222 mucks
fearbigred1222 wins the pot (720)
*** SUMMARY ***
Duration 39s
Total pot 720 | Rake 0
Board: [9h Kc 3d]
Seat 1: gamblergagnon (button) folded on the Flop
Seat 2: ibnfishin (small blind) folded before the Flop
Seat 3: DrazzicEhv (big blind) folded on the Flop
Seat 4: Player1 didn't bet (folded)
Seat 5: cASH no limit is sitting out
Seat 6: fearbigred1222 collected (720)
Seat 7: mdefilip didn't bet (folded)
Seat 8: Arnz18 didn't bet (folded)
Seat 9: betteratgolf22 folded on the Flop


******************** # 90 ************************

FullTiltPoker Game #26543250910: MiniFTOPS Main Event (190775720), Table 1517 - 80/160 - No Limit Hold'em - 18:53:03 ET - 2010/12/19

Seat 1: gamblergagnon (5,780)
Seat 2: ibnfishin (6,870)
Seat 3: DrazzicEhv (2,890)
Seat 4: Player1 (9,510)
Seat 5: cASH no limit (7,500)
Seat 6: fearbigred1222 (12,030)
Seat 7: mdefilip (11,495)
Seat 8: Arnz18 (8,930)
Seat 9: betteratgolf22 (5,045)
DrazzicEhv posts the small blind of 80
Player1 posts the big blind of 160
The button is in seat #2
*** HOLE CARDS ***
Dealt to Player1 [2d Qs]
fearbigred1222 folds
mdefilip folds
Arnz18 folds
betteratgolf22 folds
gamblergagnon has 15 seconds left to act
gamblergagnon raises to 340
ibnfishin folds
DrazzicEhv raises to 2,890, and is all in
Player1 has 15 seconds left to act
ibnfishin has been disconnected
ibnfishin has reconnected
Player1 folds
gamblergagnon folds
ibnfishin has been disconnected
Uncalled bet of 2,550 returned to DrazzicEhv
DrazzicEhv mucks
DrazzicEhv wins the pot (840)
*** SUMMARY ***
Duration 41s
Total pot 840 | Rake 0
Seat 1: gamblergagnon folded before the Flop
Seat 2: ibnfishin (button) didn't bet (folded)
Seat 3: DrazzicEhv (small blind) collected (840)
Seat 4: Player1 (big blind) folded before the Flop
Seat 5: cASH no limit is sitting out
Seat 6: fearbigred1222 didn't bet (folded)
Seat 7: mdefilip didn't bet (folded)
Seat 8: Arnz18 didn't bet (folded)
Seat 9: betteratgolf22 didn't bet (folded)


******************** # 91 ************************

FullTiltPoker Game #26543270556: MiniFTOPS Main Event (190775720), Table 1517 - 80/160 - No Limit Hold'em - 18:53:45 ET - 2010/12/19

Seat 1: gamblergagnon (5,440)
Seat 2: ibnfishin (6,870)
Seat 3: DrazzicEhv (3,390)
Seat 4: Player1 (9,350)
Seat 5: cASH no limit (7,500)
Seat 6: fearbigred1222 (12,030)
Seat 7: mdefilip (11,495)
Seat 8: Arnz18 (8,930)
Seat 9: betteratgolf22 (5,045)
Player1 posts the small blind of 80
cASH no limit posts the big blind of 160
The button is in seat #3
*** HOLE CARDS ***
Dealt to Player1 [5c 6d]
fearbigred1222 folds
mdefilip folds
Arnz18 folds
betteratgolf22 folds
gamblergagnon folds
ibnfishin has 15 seconds left to act
ibnfishin has reconnected
ibnfishin folds
DrazzicEhv raises to 340
Player1 folds
cASH no limit calls 180
*** FLOP *** [Jh 7h Js]
cASH no limit checks
DrazzicEhv bets 400
cASH no limit calls 400
*** TURN *** [Jh 7h Js] [9c]
cASH no limit checks
DrazzicEhv has 15 seconds left to act
DrazzicEhv bets 1,085
cASH no limit raises to 2,170
DrazzicEhv raises to 2,650, and is all in
cASH no limit calls 480
DrazzicEhv shows [Jd Tc]
cASH no limit shows [Ad Ah]
*** RIVER *** [Jh 7h Js 9c] [5h]
DrazzicEhv shows three of a kind, Jacks
cASH no limit shows two pair, Aces and Jacks
DrazzicEhv wins the pot (6,860) with three of a kind, Jacks
*** SUMMARY ***
Duration 92s
Total pot 6,860 | Rake 0
Board: [Jh 7h Js 9c 5h]
Seat 1: gamblergagnon didn't bet (folded)
Seat 2: ibnfishin didn't bet (folded)
Seat 3: DrazzicEhv (button) showed [Jd Tc] and won (6,860) with three of a kind, Jacks
Seat 4: Player1 (small blind) folded before the Flop
Seat 5: cASH no limit (big blind) showed [Ad Ah] and lost with two pair, Aces and Jacks
Seat 6: fearbigred1222 didn't bet (folded)
Seat 7: mdefilip didn't bet (folded)
Seat 8: Arnz18 didn't bet (folded)
Seat 9: betteratgolf22 didn't bet (folded)


******************** # 92 ************************

FullTiltPoker Game #26543466283: MiniFTOPS Main Event (190775720), Table 1517 - 80/160 - No Limit Hold'em - 19:02:46 ET - 2010/12/19

Seat 1: gamblergagnon (5,440)
Seat 2: ibnfishin (6,870)
Seat 3: DrazzicEhv (6,860)
Seat 4: Player1 (9,270)
Seat 5: cASH no limit (4,110)
Seat 6: fearbigred1222 (12,030)
Seat 7: mdefilip (11,495)
Seat 8: Arnz18 (8,930)
Seat 9: betteratgolf22 (5,045)
cASH no limit posts the small blind of 80
fearbigred1222 posts the big blind of 160
The button is in seat #4
*** HOLE CARDS ***
Dealt to Player1 [3h 7d]
mdefilip has 15 seconds left to act
mdefilip folds
Arnz18 folds
betteratgolf22 folds
gamblergagnon has 15 seconds left to act
gamblergagnon folds
ibnfishin raises to 450
DrazzicEhv folds
Player1 folds
cASH no limit folds
fearbigred1222 calls 290
*** FLOP *** [Jc 5d Qh]
fearbigred1222 bets 320
ibnfishin calls 320
*** TURN *** [Jc 5d Qh] [4h]
fearbigred1222 bets 640
ibnfishin has 15 seconds left to act
ibnfishin folds
Uncalled bet of 640 returned to fearbigred1222
fearbigred1222 mucks
fearbigred1222 wins the pot (1,620)
*** SUMMARY ***
Duration 65s
Total pot 1,620 | Rake 0
Board: [Jc 5d Qh 4h]
Seat 1: gamblergagnon didn't bet (folded)
Seat 2: ibnfishin folded on the Turn
Seat 3: DrazzicEhv didn't bet (folded)
Seat 4: Player1 (button) didn't bet (folded)
Seat 5: cASH no limit (small blind) folded before the Flop
Seat 6: fearbigred1222 (big blind) collected (1,620)
Seat 7: mdefilip didn't bet (folded)
Seat 8: Arnz18 didn't bet (folded)
Seat 9: betteratgolf22 didn't bet (folded)


******************** # 93 ************************

FullTiltPoker Game #26543495788: MiniFTOPS Main Event (190775720), Table 1517 - 80/160 - No Limit Hold'em - 19:03:52 ET - 2010/12/19

Seat 1: gamblergagnon (5,440)
Seat 2: ibnfishin (6,100)
Seat 3: DrazzicEhv (6,860)
Seat 4: Player1 (9,270)
Seat 5: cASH no limit (4,030)
Seat 6: fearbigred1222 (12,880)
Seat 7: mdefilip (11,495)
Seat 8: Arnz18 (8,930)
Seat 9: betteratgolf22 (5,045)
fearbigred1222 posts the small blind of 80
mdefilip posts the big blind of 160
The button is in seat #5
*** HOLE CARDS ***
Dealt to Player1 [8d 5d]
Arnz18 folds
betteratgolf22 folds
gamblergagnon folds
ibnfishin raises to 450
DrazzicEhv folds
Player1 folds
cASH no limit folds
fearbigred1222 folds
mdefilip calls 290
*** FLOP *** [4h Ts 3c]
mdefilip checks
ibnfishin has 15 seconds left to act
ibnfishin bets 650
mdefilip folds
Uncalled bet of 650 returned to ibnfishin
ibnfishin mucks
ibnfishin wins the pot (980)
*** SUMMARY ***
Duration 59s
Total pot 980 | Rake 0
Board: [4h Ts 3c]
Seat 1: gamblergagnon didn't bet (folded)
Seat 2: ibnfishin collected (980)
Seat 3: DrazzicEhv didn't bet (folded)
Seat 4: Player1 didn't bet (folded)
Seat 5: cASH no limit (button) didn't bet (folded)
Seat 6: fearbigred1222 (small blind) folded before the Flop
Seat 7: mdefilip (big blind) folded on the Flop
Seat 8: Arnz18 didn't bet (folded)
Seat 9: betteratgolf22 didn't bet (folded)


******************** # 94 ************************

FullTiltPoker Game #26543523305: MiniFTOPS Main Event (190775720), Table 1517 - 80/160 - No Limit Hold'em - 19:04:52 ET - 2010/12/19

Seat 1: gamblergagnon (5,440)
Seat 2: ibnfishin (6,630)
Seat 3: DrazzicEhv (6,860)
Seat 4: Player1 (9,270)
Seat 5: cASH no limit (4,030)
Seat 6: fearbigred1222 (12,800)
Seat 7: mdefilip (11,045)
Seat 8: Arnz18 (8,930)
Seat 9: betteratgolf22 (5,045)
mdefilip posts the small blind of 80
Arnz18 posts the big blind of 160
The button is in seat #6
*** HOLE CARDS ***
Dealt to Player1 [4h 5h]
betteratgolf22 folds
gamblergagnon folds
ibnfishin folds
DrazzicEhv raises to 400
Player1 folds
cASH no limit has 15 seconds left to act
cASH no limit raises to 1,120
fearbigred1222 has 15 seconds left to act
fearbigred1222 raises to 2,240
mdefilip folds
Arnz18 has 15 seconds left to act
Arnz18 has requested TIME
Arnz18 folds
DrazzicEhv folds
cASH no limit raises to 4,030, and is all in
fearbigred1222 has 15 seconds left to act
fearbigred1222 calls 1,790
cASH no limit shows [As Ks]
fearbigred1222 shows [Jc Jh]
*** FLOP *** [3s Jd Ts]
*** TURN *** [3s Jd Ts] [5d]
*** RIVER *** [3s Jd Ts 5d] [Kc]
cASH no limit shows a pair of Kings
fearbigred1222 shows three of a kind, Jacks
fearbigred1222 wins the pot (8,700) with three of a kind, Jacks
*** SUMMARY ***
Duration 95s
Total pot 8,700 | Rake 0
Board: [3s Jd Ts 5d Kc]
Seat 1: gamblergagnon didn't bet (folded)
Seat 2: ibnfishin didn't bet (folded)
Seat 3: DrazzicEhv folded before the Flop
Seat 4: Player1 didn't bet (folded)
Seat 5: cASH no limit showed [As Ks] and lost with a pair of Kings
Seat 6: fearbigred1222 (button) showed [Jc Jh] and won (8,700) with three of a kind, Jacks
Seat 7: mdefilip (small blind) folded before the Flop
Seat 8: Arnz18 (big blind) folded before the Flop
Seat 9: betteratgolf22 didn't bet (folded)


******************** # 95 ************************

FullTiltPoker Game #26543567691: MiniFTOPS Main Event (190775720), Table 1517 - 80/160 - No Limit Hold'em - 19:06:28 ET - 2010/12/19

Seat 1: gamblergagnon (5,440)
Seat 2: ibnfishin (6,630)
Seat 3: DrazzicEhv (6,460)
Seat 4: Player1 (9,270)
Seat 6: fearbigred1222 (17,470)
Seat 7: mdefilip (10,965)
Seat 8: Arnz18 (8,770)
Seat 9: betteratgolf22 (5,045)
Arnz18 posts the small blind of 80
betteratgolf22 posts the big blind of 160
The button is in seat #7
*** HOLE CARDS ***
Dealt to Player1 [7h 3s]
betteratgolf22: gh
gamblergagnon folds
ibnfishin folds
DrazzicEhv raises to 480
Player1 folds
Arnz18: had qq
fearbigred1222 folds
mdefilip folds
Arnz18 folds
betteratgolf22 folds
Uncalled bet of 320 returned to DrazzicEhv
DrazzicEhv mucks
DrazzicEhv wins the pot (400)
ibnfishin has been disconnected
*** SUMMARY ***
Duration 35s
Total pot 400 | Rake 0
Seat 1: gamblergagnon didn't bet (folded)
Seat 2: ibnfishin didn't bet (folded)
Seat 3: DrazzicEhv collected (400)
Seat 4: Player1 didn't bet (folded)
Seat 6: fearbigred1222 didn't bet (folded)
Seat 7: mdefilip (button) didn't bet (folded)
Seat 8: Arnz18 (small blind) folded before the Flop
Seat 9: betteratgolf22 (big blind) folded before the Flop


******************** # 96 ************************

FullTiltPoker Game #26543584216: MiniFTOPS Main Event (190775720), Table 1517 - 80/160 - No Limit Hold'em - 19:07:03 ET - 2010/12/19

Seat 1: gamblergagnon (5,440)
Seat 2: ibnfishin (6,630)
Seat 3: DrazzicEhv (6,700)
Seat 4: Player1 (9,270)
Seat 5: letsride03 (10,440)
Seat 6: fearbigred1222 (17,470)
Seat 7: mdefilip (10,965)
Seat 8: Arnz18 (8,690)
Seat 9: betteratgolf22 (4,885)
betteratgolf22 posts the small blind of 80
gamblergagnon posts the big blind of 160
The button is in seat #8
ibnfishin has reconnected
*** HOLE CARDS ***
Dealt to Player1 [7s 6h]
ibnfishin calls 160
DrazzicEhv folds
Player1 has 15 seconds left to act
Player1 folds
letsride03 folds
fearbigred1222 folds
mdefilip folds
Arnz18 folds
betteratgolf22 folds
gamblergagnon checks
*** FLOP *** [Kc Kh 5s]
betteratgolf22 is feeling confused
gamblergagnon checks
ibnfishin bets 250
gamblergagnon folds
Uncalled bet of 250 returned to ibnfishin
ibnfishin mucks
ibnfishin wins the pot (400)
*** SUMMARY ***
Duration 48s
Total pot 400 | Rake 0
Board: [Kc Kh 5s]
Seat 1: gamblergagnon (big blind) folded on the Flop
Seat 2: ibnfishin collected (400)
Seat 3: DrazzicEhv didn't bet (folded)
Seat 4: Player1 didn't bet (folded)
Seat 5: letsride03 didn't bet (folded)
Seat 6: fearbigred1222 didn't bet (folded)
Seat 7: mdefilip didn't bet (folded)
Seat 8: Arnz18 (button) didn't bet (folded)
Seat 9: betteratgolf22 (small blind) folded before the Flop


******************** # 97 ************************

FullTiltPoker Game #26543606674: MiniFTOPS Main Event (190775720), Table 1517 - 80/160 - No Limit Hold'em - 19:07:52 ET - 2010/12/19

Seat 1: gamblergagnon (5,280)
Seat 2: ibnfishin (6,870)
Seat 3: DrazzicEhv (6,700)
Seat 4: Player1 (9,270)
Seat 5: letsride03 (10,440)
Seat 6: fearbigred1222 (17,470)
Seat 7: mdefilip (10,965)
Seat 8: Arnz18 (8,690)
Seat 9: betteratgolf22 (4,805)
gamblergagnon posts the small blind of 80
ibnfishin posts the big blind of 160
The button is in seat #9
*** HOLE CARDS ***
Dealt to Player1 [Qd 6d]
DrazzicEhv folds
Player1 folds
letsride03 has 15 seconds left to act
letsride03 folds
fearbigred1222 folds
mdefilip folds
Arnz18 raises to 320
betteratgolf22 calls 320
gamblergagnon folds
ibnfishin folds
*** FLOP *** [5c 7d 4h]
Arnz18 checks
betteratgolf22 has 15 seconds left to act
betteratgolf22 bets 445
Arnz18 has 15 seconds left to act
Arnz18 folds
Uncalled bet of 445 returned to betteratgolf22
betteratgolf22 mucks
betteratgolf22 wins the pot (880)
*** SUMMARY ***
Duration 77s
Total pot 880 | Rake 0
Board: [5c 7d 4h]
Seat 1: gamblergagnon (small blind) folded before the Flop
Seat 2: ibnfishin (big blind) folded before the Flop
Seat 3: DrazzicEhv didn't bet (folded)
Seat 4: Player1 didn't bet (folded)
Seat 5: letsride03 didn't bet (folded)
Seat 6: fearbigred1222 didn't bet (folded)
Seat 7: mdefilip didn't bet (folded)
Seat 8: Arnz18 folded on the Flop
Seat 9: betteratgolf22 (button) collected (880)


******************** # 98 ************************

FullTiltPoker Game #26543642654: MiniFTOPS Main Event (190775720), Table 1517 - 100/200 - No Limit Hold'em - 19:09:10 ET - 2010/12/19

Seat 1: gamblergagnon (5,200)
Seat 2: ibnfishin (6,710)
Seat 3: DrazzicEhv (6,700)
Seat 4: Player1 (9,270)
Seat 5: letsride03 (10,440)
Seat 6: fearbigred1222 (17,470)
Seat 7: mdefilip (10,965)
Seat 8: Arnz18 (8,370)
Seat 9: betteratgolf22 (5,365)
ibnfishin posts the small blind of 100
DrazzicEhv posts the big blind of 200
The button is in seat #1
*** HOLE CARDS ***
Dealt to Player1 [Kd 9c]
Player1 folds
letsride03 has 15 seconds left to act
letsride03 folds
fearbigred1222 folds
mdefilip folds
Arnz18 raises to 400
betteratgolf22 folds
gamblergagnon folds
ibnfishin folds
DrazzicEhv folds
Uncalled bet of 200 returned to Arnz18
Arnz18 mucks
Arnz18 wins the pot (500)
*** SUMMARY ***
Duration 46s
Total pot 500 | Rake 0
Seat 1: gamblergagnon (button) didn't bet (folded)
Seat 2: ibnfishin (small blind) folded before the Flop
Seat 3: DrazzicEhv (big blind) folded before the Flop
Seat 4: Player1 didn't bet (folded)
Seat 5: letsride03 didn't bet (folded)
Seat 6: fearbigred1222 didn't bet (folded)
Seat 7: mdefilip didn't bet (folded)
Seat 8: Arnz18 collected (500)
Seat 9: betteratgolf22 didn't bet (folded)


******************** # 99 ************************

FullTiltPoker Game #26543663833: MiniFTOPS Main Event (190775720), Table 1517 - 100/200 - No Limit Hold'em - 19:09:57 ET - 2010/12/19

Seat 1: gamblergagnon (5,200)
Seat 2: ibnfishin (6,610)
Seat 3: DrazzicEhv (6,500)
Seat 4: Player1 (9,270)
Seat 5: letsride03 (10,440)
Seat 6: fearbigred1222 (17,470)
Seat 7: mdefilip (10,965)
Seat 8: Arnz18 (8,670)
Seat 9: betteratgolf22 (5,365)
DrazzicEhv posts the small blind of 100
Player1 posts the big blind of 200
The button is in seat #2
*** HOLE CARDS ***
Dealt to Player1 [Qs 9c]
letsride03 folds
fearbigred1222 folds
mdefilip folds
Arnz18 raises to 400
betteratgolf22 folds
gamblergagnon has 15 seconds left to act
gamblergagnon folds
ibnfishin folds
DrazzicEhv folds
Player1 calls 200
*** FLOP *** [Qd Td 4s]
Player1 bets 600
Arnz18 has 15 seconds left to act
Arnz18 raises to 1,600
Player1 calls 1,000
*** TURN *** [Qd Td 4s] [Ad]
Player1 checks
Arnz18 checks
*** RIVER *** [Qd Td 4s Ad] [2h]
Player1 checks
Arnz18 bets 1,525
Player1 calls 1,525
*** SHOW DOWN ***
Arnz18 shows [Qc Qh] three of a kind, Queens
Player1 mucks
Arnz18 wins the pot (7,150) with three of a kind, Queens
*** SUMMARY ***
Duration 70s
Total pot 7,150 | Rake 0
Board: [Qd Td 4s Ad 2h]
Seat 1: gamblergagnon didn't bet (folded)
Seat 2: ibnfishin (button) didn't bet (folded)
Seat 3: DrazzicEhv (small blind) folded before the Flop
Seat 4: Player1 (big blind) mucked [Qs 9c] - a pair of Queens
Seat 5: letsride03 didn't bet (folded)
Seat 6: fearbigred1222 didn't bet (folded)
Seat 7: mdefilip didn't bet (folded)
Seat 8: Arnz18 showed [Qc Qh] and won (7,150) with three of a kind, Queens
Seat 9: betteratgolf22 didn't bet (folded)


******************** # 100 ***********************

FullTiltPoker Game #26543696884: MiniFTOPS Main Event (190775720), Table 1517 - 100/200 - No Limit Hold'em - 19:11:08 ET - 2010/12/19

Seat 1: gamblergagnon (5,200)
Seat 2: ibnfishin (6,610)
Seat 3: DrazzicEhv (6,400)
Seat 4: Player1 (5,745)
Seat 5: letsride03 (10,440)
Seat 6: fearbigred1222 (17,470)
Seat 7: mdefilip (10,965)
Seat 8: Arnz18 (12,295)
Seat 9: betteratgolf22 (5,365)
Player1 posts the small blind of 100
letsride03 posts the big blind of 200
The button is in seat #3
*** HOLE CARDS ***
Dealt to Player1 [7c 7h]
fearbigred1222 calls 200
mdefilip folds
Arnz18 folds
betteratgolf22 folds
gamblergagnon has 15 seconds left to act
gamblergagnon folds
ibnfishin calls 200
DrazzicEhv folds
Player1 raises to 600
letsride03 has 15 seconds left to act
letsride03 folds
fearbigred1222 calls 400
ibnfishin calls 400
*** FLOP *** [8d 6c 3c]
Player1 checks
fearbigred1222 checks
ibnfishin checks
*** TURN *** [8d 6c 3c] [As]
Player1 checks
fearbigred1222 checks
ibnfishin checks
*** RIVER *** [8d 6c 3c As] [3h]
Player1 bets 200
fearbigred1222 calls 200
ibnfishin folds
*** SHOW DOWN ***
Player1 shows [7c 7h] two pair, Sevens and Threes
fearbigred1222 shows [Ad Td] two pair, Aces and Threes
fearbigred1222 wins the pot (2,400) with two pair, Aces and Threes
*** SUMMARY ***
Duration 79s
Total pot 2,400 | Rake 0
Board: [8d 6c 3c As 3h]
Seat 1: gamblergagnon didn't bet (folded)
Seat 2: ibnfishin folded on the River
Seat 3: DrazzicEhv (button) didn't bet (folded)
Seat 4: Player1 (small blind) showed [7c 7h] and lost with two pair, Sevens and Threes
Seat 5: letsride03 (big blind) folded before the Flop
Seat 6: fearbigred1222 showed [Ad Td] and won (2,400) with two pair, Aces and Threes
Seat 7: mdefilip didn't bet (folded)
Seat 8: Arnz18 didn't bet (folded)
Seat 9: betteratgolf22 didn't bet (folded)


******************** # 101 ***********************

FullTiltPoker Game #26543732515: MiniFTOPS Main Event (190775720), Table 1517 - 100/200 - No Limit Hold'em - 19:12:27 ET - 2010/12/19

Seat 1: gamblergagnon (5,200)
Seat 2: ibnfishin (6,010)
Seat 3: DrazzicEhv (6,400)
Seat 4: Player1 (4,945)
Seat 5: letsride03 (10,240)
Seat 6: fearbigred1222 (19,070)
Seat 7: mdefilip (10,965)
Seat 8: Arnz18 (12,295)
Seat 9: betteratgolf22 (5,365)
letsride03 posts the small blind of 100
fearbigred1222 posts the big blind of 200
The button is in seat #4
*** HOLE CARDS ***
Dealt to Player1 [4h Ac]
mdefilip folds
Arnz18 raises to 400
betteratgolf22 folds
gamblergagnon folds
ibnfishin folds
DrazzicEhv raises to 1,050
Player1 folds
letsride03 folds
fearbigred1222 has 15 seconds left to act
fearbigred1222 folds
Arnz18 folds
Uncalled bet of 650 returned to DrazzicEhv
DrazzicEhv mucks
DrazzicEhv wins the pot (1,100)
*** SUMMARY ***
Duration 45s
Total pot 1,100 | Rake 0
Seat 1: gamblergagnon didn't bet (folded)
Seat 2: ibnfishin didn't bet (folded)
Seat 3: DrazzicEhv collected (1,100)
Seat 4: Player1 (button) didn't bet (folded)
Seat 5: letsride03 (small blind) folded before the Flop
Seat 6: fearbigred1222 (big blind) folded before the Flop
Seat 7: mdefilip didn't bet (folded)
Seat 8: Arnz18 folded before the Flop
Seat 9: betteratgolf22 didn't bet (folded)


******************** # 102 ***********************

FullTiltPoker Game #26543754851: MiniFTOPS Main Event (190775720), Table 1517 - 100/200 - No Limit Hold'em - 19:13:13 ET - 2010/12/19

Seat 1: gamblergagnon (5,200)
Seat 2: ibnfishin (6,010)
Seat 3: DrazzicEhv (7,100)
Seat 4: Player1 (4,945)
Seat 5: letsride03 (10,140)
Seat 6: fearbigred1222 (18,870)
Seat 7: mdefilip (10,965)
Seat 8: Arnz18 (11,895)
Seat 9: betteratgolf22 (5,365)
fearbigred1222 posts the small blind of 100
mdefilip posts the big blind of 200
The button is in seat #5
*** HOLE CARDS ***
Dealt to Player1 [6c Kh]
Arnz18 folds
betteratgolf22 folds
betteratgolf22 is feeling happy
gamblergagnon has 15 seconds left to act
gamblergagnon folds
ibnfishin folds
DrazzicEhv folds
Player1 folds
letsride03 folds
fearbigred1222 calls 100
mdefilip raises to 600
fearbigred1222 raises to 2,400
mdefilip has 15 seconds left to act
mdefilip calls 1,800
*** FLOP *** [9d 7c 5h]
fearbigred1222 bets 3,200
mdefilip folds
Uncalled bet of 3,200 returned to fearbigred1222
fearbigred1222 mucks
fearbigred1222 wins the pot (4,800)
*** SUMMARY ***
Duration 65s
Total pot 4,800 | Rake 0
Board: [9d 7c 5h]
Seat 1: gamblergagnon didn't bet (folded)
Seat 2: ibnfishin didn't bet (folded)
Seat 3: DrazzicEhv didn't bet (folded)
Seat 4: Player1 didn't bet (folded)
Seat 5: letsride03 (button) didn't bet (folded)
Seat 6: fearbigred1222 (small blind) collected (4,800)
Seat 7: mdefilip (big blind) folded on the Flop
Seat 8: Arnz18 didn't bet (folded)
Seat 9: betteratgolf22 didn't bet (folded)


******************** # 103 ***********************

FullTiltPoker Game #26543787942: MiniFTOPS Main Event (190775720), Table 1517 - 100/200 - No Limit Hold'em - 19:14:19 ET - 2010/12/19

Seat 1: gamblergagnon (5,200)
Seat 2: ibnfishin (6,010)
Seat 3: DrazzicEhv (7,100)
Seat 4: Player1 (4,945)
Seat 5: letsride03 (10,140)
Seat 6: fearbigred1222 (21,270)
Seat 7: mdefilip (8,565)
Seat 8: Arnz18 (11,895)
Seat 9: betteratgolf22 (5,365)
mdefilip posts the small blind of 100
Arnz18 posts the big blind of 200
The button is in seat #6
*** HOLE CARDS ***
Dealt to Player1 [9d 5h]
betteratgolf22 folds
gamblergagnon has 15 seconds left to act
gamblergagnon has timed out
gamblergagnon folds
ibnfishin folds
DrazzicEhv folds
Player1 folds
letsride03 folds
fearbigred1222 raises to 600
mdefilip calls 500
Arnz18 folds
*** FLOP *** [4h Ks 3h]
mdefilip checks
fearbigred1222 checks
*** TURN *** [4h Ks 3h] [Qc]
mdefilip checks
fearbigred1222 checks
*** RIVER *** [4h Ks 3h Qc] [2h]
mdefilip bets 650
fearbigred1222 raises to 2,400
mdefilip raises to 4,400
fearbigred1222 folds
Uncalled bet of 2,000 returned to mdefilip
mdefilip mucks
mdefilip wins the pot (6,200)
*** SUMMARY ***
Duration 89s
Total pot 6,200 | Rake 0
Board: [4h Ks 3h Qc 2h]
Seat 1: gamblergagnon didn't bet (folded)
Seat 2: ibnfishin didn't bet (folded)
Seat 3: DrazzicEhv didn't bet (folded)
Seat 4: Player1 didn't bet (folded)
Seat 5: letsride03 didn't bet (folded)
Seat 6: fearbigred1222 (button) folded on the River
Seat 7: mdefilip (small blind) collected (6,200)
Seat 8: Arnz18 (big blind) folded before the Flop
Seat 9: betteratgolf22 didn't bet (folded)


******************** # 104 ***********************

FullTiltPoker Game #26543834299: MiniFTOPS Main Event (190775720), Table 1517 - 100/200 - No Limit Hold'em - 19:15:49 ET - 2010/12/19

Seat 1: gamblergagnon (5,200)
Seat 2: ibnfishin (6,010)
Seat 3: DrazzicEhv (7,100)
Seat 4: Player1 (4,945)
Seat 5: letsride03 (10,140)
Seat 6: fearbigred1222 (18,270)
Seat 7: mdefilip (11,765)
Seat 8: Arnz18 (11,695)
Seat 9: betteratgolf22 (5,365)
Arnz18 posts the small blind of 100
betteratgolf22 posts the big blind of 200
The button is in seat #7
*** HOLE CARDS ***
Dealt to Player1 [Qd 8d]
gamblergagnon folds
ibnfishin folds
DrazzicEhv folds
Player1 calls 200
letsride03 folds
fearbigred1222 calls 200
mdefilip folds
Arnz18 calls 100
betteratgolf22 has 15 seconds left to act
betteratgolf22 checks
*** FLOP *** [2d 5h 4c]
Arnz18 checks
betteratgolf22 checks
Player1 checks
fearbigred1222 bets 400
Arnz18 folds
betteratgolf22 folds
Player1 folds
Uncalled bet of 400 returned to fearbigred1222
fearbigred1222 mucks
fearbigred1222 wins the pot (800)
*** SUMMARY ***
Duration 46s
Total pot 800 | Rake 0
Board: [2d 5h 4c]
Seat 1: gamblergagnon didn't bet (folded)
Seat 2: ibnfishin didn't bet (folded)
Seat 3: DrazzicEhv didn't bet (folded)
Seat 4: Player1 folded on the Flop
Seat 5: letsride03 didn't bet (folded)
Seat 6: fearbigred1222 collected (800)
Seat 7: mdefilip (button) didn't bet (folded)
Seat 8: Arnz18 (small blind) folded on the Flop
Seat 9: betteratgolf22 (big blind) folded on the Flop


******************** # 105 ***********************

FullTiltPoker Game #26543857326: MiniFTOPS Main Event (190775720), Table 1517 - 100/200 - No Limit Hold'em - 19:16:35 ET - 2010/12/19

Seat 1: gamblergagnon (5,200)
Seat 2: ibnfishin (6,010)
Seat 3: DrazzicEhv (7,100)
Seat 4: Player1 (4,745)
Seat 5: letsride03 (10,140)
Seat 6: fearbigred1222 (18,870)
Seat 7: mdefilip (11,765)
Seat 8: Arnz18 (11,495)
Seat 9: betteratgolf22 (5,165)
betteratgolf22 posts the small blind of 100
gamblergagnon posts the big blind of 200
The button is in seat #8
*** HOLE CARDS ***
Dealt to Player1 [Ad Td]
ibnfishin has 15 seconds left to act
ibnfishin folds
DrazzicEhv has 15 seconds left to act
DrazzicEhv folds
Player1 raises to 600
letsride03 has 15 seconds left to act
letsride03 folds
fearbigred1222 raises to 2,400
mdefilip folds
Arnz18 folds
betteratgolf22 folds
gamblergagnon folds
Player1 raises to 4,745, and is all in
fearbigred1222 calls 2,345
Player1 shows [Ad Td]
fearbigred1222 shows [Ac Kc]
*** FLOP *** [2s 3s As]
*** TURN *** [2s 3s As] [2c]
*** RIVER *** [2s 3s As 2c] [9s]
Player1 shows two pair, Aces and Twos
fearbigred1222 shows two pair, Aces and Twos
fearbigred1222 wins the pot (9,790) with two pair, Aces and Twos
*** SUMMARY ***
Duration 70s
Total pot 9,790 | Rake 0
Board: [2s 3s As 2c 9s]
Seat 1: gamblergagnon (big blind) folded before the Flop
Seat 2: ibnfishin didn't bet (folded)
Seat 3: DrazzicEhv didn't bet (folded)
Seat 4: Player1 showed [Ad Td] and lost with two pair, Aces and Twos
Seat 5: letsride03 didn't bet (folded)
Seat 6: fearbigred1222 showed [Ac Kc] and won (9,790) with two pair, Aces and Twos
Seat 7: mdefilip didn't bet (folded)
Seat 8: Arnz18 (button) didn't bet (folded)
Seat 9: betteratgolf22 (small blind) folded before the Flop


